Name,Price,Size,Energi (kcal),Energi (kJ),Fett,Varav mättat fett,Kolhydrat,Varav sockerarter,Protein,Salt,Fiber,Vitamin B6,Folsyra,Niacin,Jod,Järn,Tiamin,Varav fleromättat fett,Varav enkelomättat fett,Magnesium,Zink,Fosfor,Natrium,Riboflavin,Kalcium,Kalium,url
Donutkakor choklad 150g ICA,"30,90 kr","0.15kg 206,00 kr/kg",427 kcal,1785 kJ,23 g,12 g,53 g,30 g,4.3 g,0.25 g,,,,,,,,,,,,,,,,,https://handlaprivatkund.ica.se/stores/1004181/products/donutkakor-choklad-150g-ica/2161819
Majskakor Popcorn 125g Friggs,"27,90 kr","0.125kg 223,20 kr/kg",414 kcal,1740 kJ,14.4 g,1.5 g,65 g,2.2 g,5.7 g,1.8 g,0.7 g,,,,,,,,,,,,,,,,https://handlaprivatkund.ica.se/stores/1004181/products/majskakor-popcorn-125g-friggs/2031617
Pepparkakor Original 400g Annas,"41,90 kr","0.4kg 104,75 kr/kg",471 kcal,1979 kJ,19 g,9 g,70 g,33 g,5.4 g,1.19 g,1.5 g,,,,,,,,,,,,,,,,https://handlaprivatkund.ica.se/stores/1004181/products/pepparkakor-original-400g-annas/2063163
Svenskt Lantbröd 800g ICA,"37,90 kr","0.8kg 47,38 kr/kg",230 kcal,950 kJ,3.9 g,0 g,42 g,4.9 g,7.9 g,0.7 g,5.1 g,,,,,,,,,,,,,,,,https://handlaprivatkund.ica.se/stores/1004181/products/svenskt-lantbr%C3%B6d-800g-ica/2106546
Cookies Vit choklad & tranbär 150g ICA,"25,90 kr","0.15kg 172,67 kr/kg",489 kcal,2049 kJ,23 g,12 g,65 g,45 g,4.9 g,0.66 g,2.3 g,,,,,,,,,,,,,,,,https://handlaprivatkund.ica.se/stores/1004181/products/cookies-vit-choklad-tranb%C3%A4r-150g-ica/1469732
Grovknäcke Glutenfri 215g Semper,"27,90 kr","0.215kg 129,77 kr/kg",357 kcal,1511 kJ,2 g,0.1 g,77 g,4.2 g,3.5 g,1.3 g,8.5 g,0.22 mg,50 µg,2.4 mg,22.5 µg,5 mg,0.23 mg,,,,,,,,,,https://handlaprivatkund.ica.se/stores/1004181/products/grovkn%C3%A4cke-glutenfri-215g-semper/1005317
Dumle Cookies glutenfria 140g Fazer,"63,00 kr","0.14kg 450,00 kr/kg",492 kcal,2058 kJ,22 g,3.2 g,65 g,38 g,7.1 g,1.1 g,,,,,,,,,,,,,,,,,https://handlaprivatkund.ica.se/stores/1004181/products/dumle-cookies-glutenfria-140g-fazer/2155307
Jubileumskaka Vallmo 400 g Polarbröd,"31,90 kr","0.4kg 79,75 kr/kg",290 kcal,1200 kJ,7.1 g,1.1 g,48 g,5.8 g,8.6 g,0.8 g,2.5 g,,,,,,,,,,,,,,,,https://handlaprivatkund.ica.se/stores/1004181/products/jubileumskaka-vallmo-400-g-polarbr%C3%B6d/2140744
Kolakakor Glutenfri 150g Semper,"28,90 kr","0.15kg 192,67 kr/kg",510 kcal,2135 kJ,26 g,18 g,67 g,23 g,1.5 g,1.1 g,,,,,,,,,,,,,,,,,https://handlaprivatkund.ica.se/stores/1004181/products/kolakakor-glutenfri-150g-semper/1004744
Små kanelbullar 260g Pågen,"38,90 kr","0.26kg 149,62 kr/kg",372 kcal,1563 kJ,14 g,2.7 g,54 g,17 g,7.2 g,0.58 g,,,,,,,,,,,,,,,,,https://handlaprivatkund.ica.se/stores/1004181/products/sm%C3%A5-kanelbullar-260g-p%C3%A5gen/2118539
Mini Marängtoppar 100g ICA,"35,90 kr","0.1kg 359,00 kr/kg",397 kcal,1686 kJ,0.1 g,0.1 g,94 g,81 g,5.1 g,0.11 g,,,,,,,,,,,,,,,,,https://handlaprivatkund.ica.se/stores/1004181/products/mini-mar%C3%A4ngtoppar-100g-ica/2015742
Havssalt & frön 180g Leksands Tre Kullor,"51,00 kr","0.18kg 283,33 kr/kg",480 kcal,2010 kJ,27 g,3.8 g,38 g,4.3 g,18 g,2.3 g,7.9 g,,,,,,,,,,,,,,,,https://handlaprivatkund.ica.se/stores/1004181/products/havssalt-fr%C3%B6n-180g-leksands-tre-kullor/1471826
Choco Brookie 132 g Marabou,"43,90 kr","0.132kg 332,58 kr/kg",466 kcal,1949 kJ,26 g,12 g,54 g,35 g,5.2 g,0.43 g,1.7 g,,,,,,,,,,,,,,,,https://handlaprivatkund.ica.se/stores/1004181/products/choco-brookie-132-g-marabou/2140649
Digestive Original 400g Mc Vities,"27,90 kr","0.4kg 69,75 kr/kg",483 kcal,2023 kJ,21.8 g,10.3 g,62.7 g,16.8 g,6.9 g,1.5 g,3.4 g,,,,,,,,,,,,,,,,https://handlaprivatkund.ica.se/stores/1004181/products/digestive-original-400g-mc-vities/1387195
Cookies vitchoklad citron 150g ICA,"25,90 kr","0.15kg 172,67 kr/kg",521 kcal,2177 kJ,28 g,14 g,61 g,39 g,5.4 g,0.5 g,1.1 g,,,,,,,,,,,,,,,,https://handlaprivatkund.ica.se/stores/1004181/products/cookies-vitchoklad-citron-150g-ica/2101086
Grahamsbröd 650g Pågen,"43,90 kr","0.65kg 67,54 kr/kg",247 kcal,1041 kJ,2.9 g,0.4 g,40 g,5.6 g,12 g,1.2 g,6.5 g,,,,,,,,,,,,,,,,https://handlaprivatkund.ica.se/stores/1004181/products/grahamsbr%C3%B6d-650g-p%C3%A5gen/2151042
Tuc Original 100g Lu,"17,90 kr","0.1kg 179,00 kr/kg",482 kcal,2021 kJ,19 g,9 g,67 g,7.1 g,8.3 g,1.7 g,2.4 g,,,,,,,,,,,,,,,,https://handlaprivatkund.ica.se/stores/1004181/products/tuc-original-100g-lu/1364954
Grovt Surdegsbröd Fryst Glutenfri 500g Fria,"61,00 kr","0.5kg 122,00 kr/kg",300 kcal,1250 kJ,13 g,1.6 g,35 g,4.6 g,6.1 g,1.3 g,11.5 g,,,,,,,,,,,,,,,,https://handlaprivatkund.ica.se/stores/1004181/products/grovt-surdegsbr%C3%B6d-fryst-glutenfri-500g-fria/2005000
Donut Wild Fruits 70 g Dafgård,"14,90 kr","0.07kg 212,86 kr/kg",405 kcal,1692 kJ,22 g,12 g,47 g,26 g,4.4 g,0.75 g,,,,,,,,,,,,,,,,,https://handlaprivatkund.ica.se/stores/1004181/products/donut-wild-fruits-70-g-dafg%C3%A5rd/2140882
Chokladfondant Fryst 2-p 140g ICA,"44,90 kr","0.14kg 320,71 kr/kg",,,,,,,,,,,,,,,,,,,,,,,,,https://handlaprivatkund.ica.se/stores/1004181/products/chokladfondant-fryst-2-p-140g-ica/1527690
Tunt knäckebröd Ekologisk 250g ICA I love eco,"30,90 kr","0.25kg 123,60 kr/kg",356 kcal,1498 kJ,5.4 g,0.9 g,59 g,1.3 g,10 g,1.3 g,16 g,,,,,,,,,,,,,,,,https://handlaprivatkund.ica.se/stores/1004181/products/tunt-kn%C3%A4ckebr%C3%B6d-ekologisk-250g-ica-i-love-eco/1367879
Kakor Choklad 176g Brago,"29,90 kr","0.175kg 170,86 kr/kg",486 kcal,2040 kJ,21 g,8 g,67 g,30 g,6.9 g,0.6 g,2.6 g,,,,,,,,,,,,,,,,https://handlaprivatkund.ica.se/stores/1004181/products/kakor-choklad-176g-brago/2091808
Riskakor med Pizzasmak 125g Friggs,"28,90 kr","0.125kg 231,20 kr/kg",450 kcal,1900 kJ,17 g,2.1 g,64 g,3.9 g,8.1 g,1.6 g,3.2 g,,,,,,,,,,,,,,,,https://handlaprivatkund.ica.se/stores/1004181/products/riskakor-med-pizzasmak-125g-friggs/1005358
Lyxbulle Blåbär & Vanilj 100g Dafgårds,"14,90 kr","0.1kg 149,00 kr/kg",280 kcal,1200 kJ,6.8 g,3.4 g,48 g,20 g,5.5 g,0.28 g,1.4 g,,,,,,,,,,,,,,,,https://handlaprivatkund.ica.se/stores/1004181/products/lyxbulle-bl%C3%A5b%C3%A4r-vanilj-100g-dafg%C3%A5rds/2128494
Cantuccini Mandel 250gZeta,"48,90 kr","0.25kg 195,60 kr/kg",451 kcal,1896 kJ,15 g,2.6 g,68 g,35 g,9.2 g,0.91 g,3.6 g,,,,,,,,,,,,,,,,https://handlaprivatkund.ica.se/stores/1004181/products/cantuccini-mandel-250gzeta/2168440
Saltiner 150g Göteborgs,"27,90 kr","0.15kg 186,00 kr/kg",489 kcal,2046 kJ,23 g,11 g,61 g,3.8 g,7.7 g,2.8 g,2.7 g,,,,,,,,,,,,,,,,https://handlaprivatkund.ica.se/stores/1004181/products/saltiner-150g-g%C3%B6teborgs/1005069
Frasiga Våfflor 200g Liba Bröd,"25,90 kr","0.2kg 129,50 kr/kg",473 kcal,1972 kJ,27 g,8.7 g,48 g,31 g,8 g,0.99 g,1.1 g,,,,,,,,,,,,,,,,https://handlaprivatkund.ica.se/stores/1004181/products/frasiga-v%C3%A5fflor-200g-liba-br%C3%B6d/2128024
Majskakor Chiafrö & havssalt Glutenfri 130g Friggs,"32,90 kr","0.13kg 253,08 kr/kg",383 kcal,1618 kJ,3.2 g,0.5 g,76 g,2.2 g,8.5 g,1 g,8.1 g,,,,,,,,,,,,,,,,https://handlaprivatkund.ica.se/stores/1004181/products/majskakor-chiafr%C3%B6-havssalt-glutenfri-130g-friggs/1478802
Svenskt Lantbröd 800g ICA,"37,90 kr","0.8kg 47,38 kr/kg",230 kcal,950 kJ,3.9 g,0.5 g,42 g,4.9 g,7.9 g,0.7 g,5.1 g,,,,,,,,,,,,,,,,https://handlaprivatkund.ica.se/stores/1004181/products/svenskt-lantbr%C3%B6d-800g-ica/2161894
Brungräddat Knäckebröd Trekant 200g Leksands Knäckebröd,"16,90 kr","0.2kg 84,50 kr/kg",350 kcal,1400 kJ,1.6 g,0.3 g,60 g,0.5 g,8.9 g,1.2 g,20 g,,,,,,,,,,,,,,,,https://handlaprivatkund.ica.se/stores/1004181/products/brungr%C3%A4ddat-kn%C3%A4ckebr%C3%B6d-trekant-200g-leksands-kn%C3%A4ckebr%C3%B6d/1007523
Kakor Piruett med Chokladsmak 110g Semper,"40,90 kr","0.11kg 371,82 kr/kg",472 kcal,1982 kJ,18 g,15 g,73 g,22 g,3.6 g,0.55 g,,,,,,,,,,,,,,,,,https://handlaprivatkund.ica.se/stores/1004181/products/kakor-piruett-med-chokladsmak-110g-semper/1414331
Salinis Glutenfri 60g Schär,"21,90 kr","0.06kg 365,00 kr/kg",482 kcal,2022 kJ,21 g,9.9 g,72 g,2 g,0.9 g,2.5 g,,,,,,,,,,,,,,,,,https://handlaprivatkund.ica.se/stores/1004181/products/salinis-glutenfri-60g-sch%C3%A4r/1294969
Skogaholmsruta 6-p 420g Skogaholms,"37,90 kr","0.42kg 90,24 kr/kg",310 kcal,1300 kJ,3.7 g,0.5 g,58 g,11 g,9.3 g,1 g,3.4 g,,,,,,,,,,,,,,,,https://handlaprivatkund.ica.se/stores/1004181/products/skogaholmsruta-6-p-420g-skogaholms/2118436
Jubileumskaka 400g Polarbröd,"32,90 kr","0.4kg 82,25 kr/kg",290 kcal,1200 kJ,6.6 g,0.8 g,46 g,5.1 g,9 g,0.73 g,2.6 g,,,,,,,,,,,,,,,,https://handlaprivatkund.ica.se/stores/1004181/products/jubileumskaka-400g-polarbr%C3%B6d/1423262
Smördegsstänger Twist ost 125g ICA,"37,90 kr","0.125kg 303,20 kr/kg",490 kcal,2050 kJ,24 g,16 g,55 g,2 g,12 g,2 g,3.7 g,,,,,,,,,,,,,,,,https://handlaprivatkund.ica.se/stores/1004181/products/sm%C3%B6rdegsst%C3%A4nger-twist-ost-125g-ica/2038663
Kladdkaka 1-p 80g Bonjour,"14,90 kr","0.08kg 186,25 kr/kg",419 kcal,1756 kJ,18 g,2.2 g,57 g,43 g,6.2 g,0.45 g,2.3 g,,,,,,,,,,,,,,,,https://handlaprivatkund.ica.se/stores/1004181/products/kladdkaka-1-p-80g-bonjour/2010164
Tunnbröd 330g Gene,"36,90 kr","0.33kg 111,82 kr/kg",330 kcal,1400 kJ,1.9 g,0.4 g,66 g,1.4 g,11 g,0.53 g,3.2 g,,,,,,,,,,,,,,,,https://handlaprivatkund.ica.se/stores/1004181/products/tunnbr%C3%B6d-330g-gene/1007736
Somun Bröd Fryst 400g Plivit,"21,90 kr","0.4kg 54,75 kr/kg",237 kcal,994 kJ,1.9 g,0.19 g,50.16 g,0.88 g,6.28 g,1.08 g,2.11 g,,,,,,,,,,,,,,,,https://handlaprivatkund.ica.se/stores/1004181/products/somun-br%C3%B6d-fryst-400g-plivit/1333596
Sockerkaka 350g ICA Basic,"19,90 kr","0.35kg 56,86 kr/kg",,,,,,,,,,,,,,,,,,,,,,,,,https://handlaprivatkund.ica.se/stores/1004181/products/sockerkaka-350g-ica-basic/1439584
Skånskt Surdegsbröd Råg 750g ICA,"43,90 kr","0.75kg 58,53 kr/kg",,,,,,,,,,,,,,,,,,,,,,,,,https://handlaprivatkund.ica.se/stores/1004181/products/sk%C3%A5nskt-surdegsbr%C3%B6d-r%C3%A5g-750g-ica/2015887
Mjuk Chokladkaka 350g ICA Basic,"19,90 kr","0.35kg 56,86 kr/kg",413 kcal,1733 kJ,18 g,1.7 g,57 g,33 g,4.9 g,0.78 g,,,,,,,,,,,,,,,,,https://handlaprivatkund.ica.se/stores/1004181/products/mjuk-chokladkaka-350g-ica-basic/2116316
Bulle Vanillas 220g Pågen,"38,90 kr","0.22kg 176,82 kr/kg",288 kcal,1214 kJ,6.5 g,2 g,50 g,16 g,6.5 g,0.53 g,,,,,,,,,,,,,,,,,https://handlaprivatkund.ica.se/stores/1004181/products/bulle-vanillas-220g-p%C3%A5gen/2075674
Rågknäcke 375g KRAV ICA I love eco,"43,90 kr","0.375kg 117,07 kr/kg",,,,,,,,,,,,,,,,,,,,,,,,,https://handlaprivatkund.ica.se/stores/1004181/products/r%C3%A5gkn%C3%A4cke-375g-krav-ica-i-love-eco/1389509
Gourmet Tranbärsbröd 350g Bonjour,"39,90 kr","0.35kg 114,00 kr/kg",,,,,,,,,,,,,,,,,,,,,,,,,https://handlaprivatkund.ica.se/stores/1004181/products/gourmet-tranb%C3%A4rsbr%C3%B6d-350g-bonjour/1428608
Färskt Bröd Classic 300g Schär,"53,00 kr","0.3kg 176,67 kr/kg",233 kcal,981 kJ,3.4 g,0.4 g,43 g,3.3 g,3.5 g,0.99 g,8.1 g,,,,,,,,,,,,,,,,https://handlaprivatkund.ica.se/stores/1004181/products/f%C3%A4rskt-br%C3%B6d-classic-300g-sch%C3%A4r/1489078
Minimajskakor Ranch 50g ICA,"19,90 kr","0.05kg 398,00 kr/kg",410 kcal,1734 kJ,7.5 g,1 g,78 g,3.6 g,6.8 g,1.4 g,1.8 g,,,,,,,,,,,,,,,,https://handlaprivatkund.ica.se/stores/1004181/products/minimajskakor-ranch-50g-ica/2150185
Riskakor 130g ICA Basic,"17,90 kr","0.13kg 137,69 kr/kg",379 kcal,1605 kJ,3.2 g,0.7 g,77 g,0.6 g,8.7 g,0.31 g,3.6 g,,,,,,,,,,,,,,,,https://handlaprivatkund.ica.se/stores/1004181/products/riskakor-130g-ica-basic/2099501
Cookies Trippelchoklad 180g ICA,"25,90 kr","0.18kg 143,89 kr/kg",510 kcal,2134 kJ,27 g,14 g,61 g,36 g,6 g,0.63 g,2.6 g,,,,,,,,,,,,,,,,https://handlaprivatkund.ica.se/stores/1004181/products/cookies-trippelchoklad-180g-ica/1469734
Daim cookies 184g Marabou,"43,90 kr","0.184kg 238,59 kr/kg",500 kcal,2100 kJ,26 g,13.5 g,60 g,34 g,4.8 g,1.38 g,1.5 g,,,,,,,,,,,,,,,,https://handlaprivatkund.ica.se/stores/1004181/products/daim-cookies-184g-marabou/1425257
Donut Socker 50 g Dafgård,"14,90 kr","0.05kg 298,00 kr/kg",308 kcal,1344 kJ,12.6 g,5.6 g,43.8 g,13.5 g,6.4 g,0.9 g,1.7 g,,,,,,,2 g,5 g,,,,,,,,https://handlaprivatkund.ica.se/stores/1004181/products/donut-socker-50-g-dafg%C3%A5rd/2140857
Mazariner choklad 220g ICA,"28,90 kr","0.22kg 131,36 kr/kg",369 kcal,1548 kJ,17 g,7.6 g,50 g,38 g,3.6 g,0.28 g,,,,,,,,,,,,,,,,,https://handlaprivatkund.ica.se/stores/1004181/products/mazariner-choklad-220g-ica/2099369
Havrekakor Choklad 90g ICA,"15,90 kr","0.09kg 176,67 kr/kg",,,,,,,,,,,,,,,,,,,,,,,,,https://handlaprivatkund.ica.se/stores/1004181/products/havrekakor-choklad-90g-ica/2052669
Korvbröd 8-p 336g Pågen,"39,90 kr","0.336kg 118,75 kr/kg",305 kcal,1278 kJ,6.6 g,0.8 g,51 g,8.6 g,8.6 g,0.71 g,2.2 g,,,,,,,,,,,,,,,,https://handlaprivatkund.ica.se/stores/1004181/products/korvbr%C3%B6d-8-p-336g-p%C3%A5gen/1396544
Havretunnbröd 120g Mjälloms,"25,90 kr","0.12kg 215,83 kr/kg",370 kcal,1550 kJ,3.3 g,0.6 g,63 g,2.5 g,13 g,1.1 g,6 g,,,,,,,,,,,,,,,,https://handlaprivatkund.ica.se/stores/1004181/products/havretunnbr%C3%B6d-120g-mj%C3%A4lloms/1440857
"JätteFranska Rostbröd 1,1kg Pågen","43,90 kr","1.1kg 39,91 kr/kg",269 kcal,1139 kJ,3.7 g,0.4 g,50 g,2.7 g,7.8 g,1.4 g,2.5 g,,,,,,,,,,,,,,,,https://handlaprivatkund.ica.se/stores/1004181/products/j%C3%A4ttefranska-rostbr%C3%B6d-1-1kg-p%C3%A5gen/2010293
Guld Marie 200g Göteborgs,"16,90 kr","0.2kg 84,50 kr/kg",460 kcal,1950 kJ,14 g,1.1 g,75 g,19 g,8.4 g,1.1 g,2.8 g,,,,,,,,,,,,,,,,https://handlaprivatkund.ica.se/stores/1004181/products/guld-marie-200g-g%C3%B6teborgs/1005198
Fyllda cookies Kola & choklad 175g ICA,"25,90 kr","0.175kg 148,00 kr/kg",508 kcal,2124 kJ,26 g,14 g,63 g,40 g,4.7 g,0.54 g,2.1 g,,,,,,,,,,,,,,,,https://handlaprivatkund.ica.se/stores/1004181/products/fyllda-cookies-kola-choklad-175g-ica/1470190
Punschrulle 1-p 48g Delicato,"9,90 kr","0.048kg 206,25 kr/kg",450 kcal,1800 kJ,20 g,8 g,59 g,37 g,5 g,0.2 g,,,,,,,,,,,,,,,,,https://handlaprivatkund.ica.se/stores/1004181/products/punschrulle-1-p-48g-delicato/1026164
Blåbärsmuffins frystinad 100g Bonjour,"13,90 kr","0.1kg 139,00 kr/kg",389 kcal,1629 kJ,19 g,2.2 g,49 g,29 g,5.2 g,1.06 g,1.2 g,,,,,,,,,,,,,,,,https://handlaprivatkund.ica.se/stores/1004181/products/bl%C3%A5b%C3%A4rsmuffins-frystinad-100g-bonjour/2117952
Råglevain 600g ICA Selection,"43,90 kr","0.6kg 73,17 kr/kg",194 kcal,820 kJ,1 g,0.5 g,38 g,0.5 g,6.4 g,1.3 g,3.6 g,,,,,,,,,,,,,,,,https://handlaprivatkund.ica.se/stores/1004181/products/r%C3%A5glevain-600g-ica-selection/2057551
Fäbodknäcke Surdegsbröd 730g Leksands Knäckebröd,"66,00 kr","0.73kg 90,41 kr/kg",350 kcal,1450 kJ,3.7 g,0.5 g,59 g,2.6 g,11 g,1.2 g,23 g,,,,,,,,,,,,,,,,https://handlaprivatkund.ica.se/stores/1004181/products/f%C3%A4bodkn%C3%A4cke-surdegsbr%C3%B6d-730g-leksands-kn%C3%A4ckebr%C3%B6d/1382684
Riskakor med Ostsmak 125g Friggs,"28,90 kr","0.125kg 231,20 kr/kg",440 kcal,1850 kJ,16 g,2 g,65 g,5 g,8.5 g,1.6 g,2.9 g,,,,,,,,,,,,,,,,https://handlaprivatkund.ica.se/stores/1004181/products/riskakor-med-ostsmak-125g-friggs/1006238
Oststänger 100g ICA Selection,"32,90 kr","0.1kg 329,00 kr/kg",,,,,,,,,,,,,,,,,,,,,,,,,https://handlaprivatkund.ica.se/stores/1004181/products/ostst%C3%A4nger-100g-ica-selection/2032975
Riskakor 130g ICA I love eco,"22,90 kr","0.13kg 176,15 kr/kg",1605 kcal,379 kJ,3.2 g,0.7 g,77 g,0.6 g,8.7 g,0.3 g,3.7 g,,,,,,,,,,,,,,,,https://handlaprivatkund.ica.se/stores/1004181/products/riskakor-130g-ica-i-love-eco/2099500
Havre & Linskex Ranch 100g Göteborgs,"35,90 kr","0.1kg 359,00 kr/kg",462 kcal,1935 kJ,17 g,1.7 g,60 g,6.6 g,14 g,1.4 g,7.4 g,,,,,,,,,,,,,,,,https://handlaprivatkund.ica.se/stores/1004181/products/havre-linskex-ranch-100g-g%C3%B6teborgs/2106931
Double stuff cookies 157g Oreo,"31,90 kr","0.157kg 203,18 kr/kg",494 kcal,2071 kJ,22 g,7.2 g,68 g,43 g,4.2 g,0.57 g,2.1 g,,,,,,,,,,,,,,,,https://handlaprivatkund.ica.se/stores/1004181/products/double-stuff-cookies-157g-oreo/1491210
Chokladmuffins Krämfyllda 8-pack 240g ICA,"38,90 kr","0.24kg 162,08 kr/kg",475 kcal,1982 kJ,30 g,7.8 g,48 g,33 g,2.8 g,1 g,,,,,,,,,,,,,,,,,https://handlaprivatkund.ica.se/stores/1004181/products/chokladmuffins-kr%C3%A4mfyllda-8-pack-240g-ica/2067000
Hallonrulltårta 360g ICA,"38,90 kr","0.36kg 108,06 kr/kg",,,,,,,,,,,,,,,,,,,,,,,,,https://handlaprivatkund.ica.se/stores/1004181/products/hallonrullt%C3%A5rta-360g-ica/1361686
Hamburgerbröd 8-p 416g Pågen,"41,90 kr","0.416kg 100,72 kr/kg",309 kcal,1293 kJ,6.8 g,0.8 g,50 g,8 g,9 g,0.74 g,2.3 g,,,,,,,,,,,,,,,,https://handlaprivatkund.ica.se/stores/1004181/products/hamburgerbr%C3%B6d-8-p-416g-p%C3%A5gen/1396550
Gifflar Raspberry 260 g Pågen,"33,90 kr","0.26kg 130,38 kr/kg",353 kcal,1485 kJ,11 g,1.2 g,56 g,22 g,7.5 g,0.48 g,,,,,,,,,,,,,,,,,https://handlaprivatkund.ica.se/stores/1004181/products/gifflar-raspberry-260-g-p%C3%A5gen/2128215
Tunnbröd Njalla 250g Polarbröd,"28,90 kr","0.25kg 115,60 kr/kg",300 kcal,1250 kJ,3 g,0.6 g,56 g,8.7 g,9.9 g,0.88 g,2.2 g,,,,,,,,,,,,,,,,https://handlaprivatkund.ica.se/stores/1004181/products/tunnbr%C3%B6d-njalla-250g-polarbr%C3%B6d/1024577
Gourmet Tranbär 350 g Bonjour,"39,90 kr","0.35kg 114,00 kr/kg",273 kcal,1157 kJ,0.9 g,0.2 g,57 g,11 g,7 g,1.2 g,3.7 g,,,,,,,,,,,,,,,,https://handlaprivatkund.ica.se/stores/1004181/products/gourmet-tranb%C3%A4r-350-g-bonjour/2140821
Majskakor Ranch 125g Friggs,"27,90 kr","0.125kg 223,20 kr/kg",406 kcal,1700 kJ,13 g,1.6 g,65 g,4.3 g,6.6 g,1.4 g,1.1 g,,,,,,,,,,,,,,,,https://handlaprivatkund.ica.se/stores/1004181/products/majskakor-ranch-125g-friggs/2045035
Hönökaka 4-p Pågen,"36,90 kr","0.45kg 82,00 kr/kg",263 kcal,1111 kJ,3.2 g,0.5 g,48 g,7.5 g,8.7 g,0.9 g,2.6 g,,,,,,,,,,,,,,,,https://handlaprivatkund.ica.se/stores/1004181/products/h%C3%B6n%C3%B6kaka-4-p-p%C3%A5gen/2075664
Mandeltårta Daim Glutenfri Fryst 400g Almondy,"75,00 kr","0.4kg 187,50 kr/kg",,,,,,,,,,,,,,,,,,,,,,,,,https://handlaprivatkund.ica.se/stores/1004181/products/mandelt%C3%A5rta-daim-glutenfri-fryst-400g-almondy/1008874
Kex Domino Dumle 120g Fazer,"30,90 kr","0.12kg 257,50 kr/kg",522 kcal,2179 kJ,28 g,16 g,61 g,36 g,5 g,0.48 g,,,,,,,,,,,,,,,,,https://handlaprivatkund.ica.se/stores/1004181/products/kex-domino-dumle-120g-fazer/2151358
Rågbröd Danskt 400g Pågen,"33,90 kr","0.4kg 84,75 kr/kg",243 kcal,1017 kJ,5.9 g,0.7 g,36 g,3.2 g,7 g,1.1 g,7.9 g,,,,,,,,,,,,,,,,https://handlaprivatkund.ica.se/stores/1004181/products/r%C3%A5gbr%C3%B6d-danskt-400g-p%C3%A5gen/1396536
Ciabatta 100g La Lorraine,"13,90 kr","0.1kg 139,00 kr/kg",283 kcal,1199 kJ,1.1 g,0.3 g,58 g,1.9 g,9.2 g,1.7 g,2.8 g,,,,,,,,,,,,,,,,https://handlaprivatkund.ica.se/stores/1004181/products/ciabatta-100g-la-lorraine/1531477
Lyxbulle Pistage & Vanilj 100g Dafgårds,"14,90 kr","0.1kg 149,00 kr/kg",280 kcal,1200 kJ,7.9 g,3.8 g,46 g,19 g,5.6 g,0.29 g,1.4 g,,,,,,,,,,,,,,,,https://handlaprivatkund.ica.se/stores/1004181/products/lyxbulle-pistage-vanilj-100g-dafg%C3%A5rds/2128497
Kex med Vaniljsmakfyllning 250g ICA Basic,"18,90 kr","0.25kg 75,60 kr/kg",446 kcal,1879 kJ,13 g,5.8 g,77 g,37 g,5.3 g,0.5 g,,,,,,,,,,,,,,,,,https://handlaprivatkund.ica.se/stores/1004181/products/kex-med-vaniljsmakfyllning-250g-ica-basic/2052643
Kuvertbröd vallmo och solroskärnor 90g Bonjour,"12,90 kr","0.09kg 143,33 kr/kg",302 kcal,1276 kJ,5.4 g,0.7 g,51 g,2 g,11 g,1.2 g,3.2 g,,,,,,,,,,,,,,,,https://handlaprivatkund.ica.se/stores/1004181/products/kuvertbr%C3%B6d-vallmo-och-solrosk%C3%A4rnor-90g-bonjour/2151115
Knäckebröd Din Harmoni Vallmofrö & Havssalt 260g Wasa,"44,90 kr","0.26kg 172,69 kr/kg",354 kcal,1488 kJ,4.6 g,0.6 g,57.2 g,0.5 g,10.9 g,1 g,20 g,,,,,,,,,,,,,,,,https://handlaprivatkund.ica.se/stores/1004181/products/kn%C3%A4ckebr%C3%B6d-din-harmoni-vallmofr%C3%B6-havssalt-260g-wasa/2039368
Kladdkaka portion 80 g Bonjour,"14,90 kr","0.08kg 186,25 kr/kg",407 kcal,1710 kJ,17 g,3 g,58 g,45 g,5.3 g,0.55 g,2.4 g,,,,,,,,,,,,,,,,https://handlaprivatkund.ica.se/stores/1004181/products/kladdkaka-portion-80-g-bonjour/2140816
Cookies 154g Oreo,"31,90 kr","0.154kg 207,14 kr/kg",474 kcal,1990 kJ,19 g,5.2 g,68 g,36 g,5.4 g,0.74 g,2.7 g,,,,,,,,,,,,,,,,https://handlaprivatkund.ica.se/stores/1004181/products/cookies-154g-oreo/1388628
Jubileumskakor 450g Mjölkfri Polarbröd,"39,90 kr","0.45kg 88,67 kr/kg",290 kcal,1200 kJ,6.6 g,0.8 g,46 g,5.1 g,9 g,0.73 g,2.6 g,,,,,,,,,,,,,,,,https://handlaprivatkund.ica.se/stores/1004181/products/jubileumskakor-450g-mj%C3%B6lkfri-polarbr%C3%B6d/2016065
Mjuka Fröbitar 360 g Fazer,"39,90 kr","0.36kg 110,83 kr/kg",210 kcal,850 kJ,3.1 g,0.5 g,34 g,4.5 g,8.8 g,1 g,5.2 g,,,,,,,,,,,,,,,,https://handlaprivatkund.ica.se/stores/1004181/products/mjuka-fr%C3%B6bitar-360-g-fazer/2140741
Knäckebröd Husman 520g Wasa,"25,90 kr","0.52kg 49,81 kr/kg",330 kcal,1390 kJ,2 g,0.4 g,58 g,1.5 g,10 g,1.25 g,20 g,,,,,2.6 mg,,,,85 mg,2.4 mg,,,,,,https://handlaprivatkund.ica.se/stores/1004181/products/kn%C3%A4ckebr%C3%B6d-husman-520g-wasa/1245846
Superknäcke Chia Glutenfri 140g Semper,"22,90 kr","0.14kg 163,57 kr/kg",359 kcal,1516 kJ,3.2 g,0.4 g,73 g,0.5 g,5 g,1.4 g,9 g,,,,22.5 µg,3.5 mg,,,,,,,,,,,https://handlaprivatkund.ica.se/stores/1004181/products/superkn%C3%A4cke-chia-glutenfri-140g-semper/1502672
Nutella Biscuit 193g Ferrero,"48,90 kr","0.193kg 253,37 kr/kg",511 kcal,2138 kJ,24.8 g,11.5 g,64 g,35.8 g,7.9 g,0.559 g,,,,,,,,,,,,,,,,,https://handlaprivatkund.ica.se/stores/1004181/products/nutella-biscuit-193g-ferrero/2118575
KärnSund Surdegsbröd 700g Pågen,"46,90 kr","0.7kg 67,00 kr/kg",274 kcal,1158 kJ,2.5 g,0.4 g,46 g,3.4 g,13 g,1 g,5.6 g,,,,,,,,,,,,,,,,https://handlaprivatkund.ica.se/stores/1004181/products/k%C3%A4rnsund-surdegsbr%C3%B6d-700g-p%C3%A5gen/2016068
Chokladwafers Hasselnötsfyllning 240g ICA Basic,"37,90 kr","0.24kg 157,92 kr/kg",512 kcal,2139 kJ,28 g,20 g,58 g,42 g,5.7 g,0.05 g,,,,,,,,,,,,,,,,,https://handlaprivatkund.ica.se/stores/1004181/products/chokladwafers-hasseln%C3%B6tsfyllning-240g-ica-basic/1480077
Original 200g Finn Crisp,"16,90 kr","0.2kg 84,50 kr/kg",21 kcal,88 kJ,0.5 g,0.1 g,3.7 g,0.5 g,0.6 g,0 g,1.2 g,,,,,,,,,,,,,,,,https://handlaprivatkund.ica.se/stores/1004181/products/original-200g-finn-crisp/1276997
Energi Fullkornsbröd 700g Pågen,"46,90 kr","0.7kg 67,00 kr/kg",271 kcal,1144 kJ,3.8 g,0.5 g,43 g,3.4 g,11 g,1 g,6.1 g,,,,,,,,,,,,,,,,https://handlaprivatkund.ica.se/stores/1004181/products/energi-fullkornsbr%C3%B6d-700g-p%C3%A5gen/1025146
Baguette Garlic 182g La Lorraine,"18,90 kr","0.182kg 103,85 kr/kg",285 kcal,1200 kJ,7.8 g,4.9 g,45 g,1.8 g,7.5 g,1.5 g,2.1 g,,,,,,,,,,,,,,,,https://handlaprivatkund.ica.se/stores/1004181/products/baguette-garlic-182g-la-lorraine/2128275
Salty Caramelbollar 6-p 240g ICA,"15,00 kr","0.24kg 62,50 kr/kg",480 kcal,2009 kJ,25 g,13 g,58 g,41 g,4.1 g,0.65 g,,,,,,,,,,,,,,,,,https://handlaprivatkund.ica.se/stores/1004181/products/salty-caramelbollar-6-p-240g-ica/2079210
Fäbodknäcke 730g Leksands Knäckebröd,"66,00 kr","0.73kg 90,41 kr/kg",350 kcal,1500 kJ,2.5 g,0.5 g,67 g,2.8 g,9 g,1.2 g,18 g,,,,,,,,,,,,,,,,https://handlaprivatkund.ica.se/stores/1004181/products/f%C3%A4bodkn%C3%A4cke-730g-leksands-kn%C3%A4ckebr%C3%B6d/1008050
Småbröd 6-p 300g ICA,"32,90 kr","0.3kg 109,67 kr/kg",270 kcal,1150 kJ,1.1 g,0.5 g,52 g,4.1 g,11 g,1.2 g,3.3 g,,,,,,,,,,,,,,,,https://handlaprivatkund.ica.se/stores/1004181/products/sm%C3%A5br%C3%B6d-6-p-300g-ica/1531040
Donutkakor hallon 150g ICA,"30,90 kr","0.15kg 206,00 kr/kg",430 kcal,1796 kJ,23 g,12 g,54 g,31 g,4.1 g,0.25 g,,,,,,,,,,,,,,,,,https://handlaprivatkund.ica.se/stores/1004181/products/donutkakor-hallon-150g-ica/2161817
Citronmuffins Fyllda 280g ICA,"38,90 kr","0.28kg 138,93 kr/kg",473 kcal,1975 kJ,29 g,7 g,50 g,32 g,2.8 g,1.1 g,,,,,,,,,,,,,,,,,https://handlaprivatkund.ica.se/stores/1004181/products/citronmuffins-fyllda-280g-ica/2067002
Skärgårdskaka Hönö 750g Pågen,"46,90 kr","0.75kg 62,53 kr/kg",296 kcal,1238 kJ,4.5 g,0.5 g,52 g,9.7 g,9.1 g,0.75 g,3.3 g,,,,,,,,,,,,,,,,https://handlaprivatkund.ica.se/stores/1004181/products/sk%C3%A4rg%C3%A5rdskaka-h%C3%B6n%C3%B6-750g-p%C3%A5gen/1442946
Kex salta 200g ICA,"28,90 kr","0.2kg 144,50 kr/kg",482 kcal,2024 kJ,20 g,2 g,67 g,5.2 g,7.3 g,1.4 g,,,,,,,,,,,,,,,,,https://handlaprivatkund.ica.se/stores/1004181/products/kex-salta-200g-ica/1128008
Chocolate chip cookies 150g ICA Basic,"18,90 kr","0.15kg 126,00 kr/kg",512 kcal,2142 kJ,27 g,14 g,60 g,34 g,4.9 g,0.9 g,3.3 g,,,,,,,,,,,,,,,,https://handlaprivatkund.ica.se/stores/1004181/products/chocolate-chip-cookies-150g-ica-basic/2101089
Sandwich Sourcream & Onion 2-p 33g Wasa,"11,90 kr","0.033kg 360,61 kr/kg",461 kcal,1926 kJ,23 g,6.5 g,49.1 g,1.6 g,8.5 g,1.18 g,12 g,,,,,,,,,,,,,,,,https://handlaprivatkund.ica.se/stores/1004181/products/sandwich-sourcream-onion-2-p-33g-wasa/2045025
Kaka Finska pinnar 300g ICA,"27,90 kr","0.3kg 93,00 kr/kg",570 kcal,2400 kJ,36 g,16 g,52 g,9.3 g,6.7 g,0.53 g,,,,,,,,,,,,,,,,,https://handlaprivatkund.ica.se/stores/1004181/products/kaka-finska-pinnar-300g-ica/2022176
Rågform 400g Fazer,"41,90 kr","0.4kg 104,75 kr/kg",260 kcal,1100 kJ,3.4 g,0.5 g,47 g,3.3 g,6.9 g,1.1 g,8.3 g,,,,,,,,,,,,,,,,https://handlaprivatkund.ica.se/stores/1004181/products/r%C3%A5gform-400g-fazer/1214337
Riskakor gräddfil & lök 125g ICA,"21,90 kr","0.125kg 175,20 kr/kg",438 kcal,1843 kJ,15 g,1.8 g,66 g,3.2 g,8.2 g,1.3 g,3.3 g,,,,,,,,,,,,,,,,https://handlaprivatkund.ica.se/stores/1004181/products/riskakor-gr%C3%A4ddfil-l%C3%B6k-125g-ica/2120680
Surdegsbröd Mörkt 110g Dafgårds,"11,90 kr","0.11kg 108,18 kr/kg",259 kcal,1084 kJ,2.8 g,0.3 g,50 g,2 g,9.1 g,1.5 g,3.3 g,,,,,,,,,,,,,,,,https://handlaprivatkund.ica.se/stores/1004181/products/surdegsbr%C3%B6d-m%C3%B6rkt-110g-dafg%C3%A5rds/2168978
Frökusar 420g Fazer,"38,90 kr","0.42kg 92,62 kr/kg",290 kcal,1200 kJ,6.3 g,0.8 g,45 g,4.8 g,9.5 g,1 g,5.6 g,,,,,,,,,,,,,,,,https://handlaprivatkund.ica.se/stores/1004181/products/fr%C3%B6kusar-420g-fazer/2151043
Kakor Cranberries & Oat Flakes 250g Wasa,"32,90 kr","0.25kg 131,60 kr/kg",466 kcal,1952 kJ,19.7 g,2.1 g,60.4 g,19.2 g,8 g,0.875 g,7.5 g,,,,,2.1 mg,,,,62 mg,,230 mg,,,,,https://handlaprivatkund.ica.se/stores/1004181/products/kakor-cranberries-oat-flakes-250g-wasa/2075514
TranbärsLycka 480g Pågen,"36,90 kr","0.48kg 76,87 kr/kg",287 kcal,1213 kJ,4.2 g,0.6 g,50 g,8.9 g,9.7 g,1 g,4.3 g,,,,,,,,,,,,,,,,https://handlaprivatkund.ica.se/stores/1004181/products/tranb%C3%A4rslycka-480g-p%C3%A5gen/2100592
Sandwich Paprika 37g Wasa,"11,90 kr","0.037kg 321,62 kr/kg",463 kcal,1933 kJ,23 g,8 g,48 g,3.5 g,10 g,1.4 g,12 g,,,,,,,,,,,,,,,,https://handlaprivatkund.ica.se/stores/1004181/products/sandwich-paprika-37g-wasa/1414783
Hallongrottor UTS 150g Gille,"36,90 kr","0.15kg 246,00 kr/kg",461 kcal,2005 kJ,28.5 g,14 g,61.2 g,0.8 g,4.6 g,0.58 g,,,,,,,,,,,,,,,,,https://handlaprivatkund.ica.se/stores/1004181/products/hallongrottor-uts-150g-gille/2091809
"Rasker Fullkorn 1,1kg Pågen","43,90 kr","1.1kg 39,91 kr/kg",271 kcal,1145 kJ,4.3 g,0.5 g,46 g,4.3 g,9.6 g,0.98 g,5 g,,,,,,,,,,,,,,,,https://handlaprivatkund.ica.se/stores/1004181/products/rasker-fullkorn-1-1kg-p%C3%A5gen/2058246
Glutenfritt Ljust Surdegsbröd 300g ICA,"43,90 kr","0.3kg 146,33 kr/kg",233 kcal,985 kJ,3.2 g,0.3 g,45 g,4.6 g,4 g,0.9 g,4.7 g,,,,,,,,,,,,,,,,https://handlaprivatkund.ica.se/stores/1004181/products/glutenfritt-ljust-surdegsbr%C3%B6d-300g-ica/2119153
Dubbelkakor vanilj- och hallonfyllning 176 g ICA Basic,"19,90 kr","0.176kg 113,07 kr/kg",470 kcal,1972 kJ,19 g,12 g,70 g,36 g,4.3 g,0.44 g,,,,,,,,,,,,,,,,,https://handlaprivatkund.ica.se/stores/1004181/products/dubbelkakor-vanilj-och-hallonfyllning-176-g-ica-basic/2126949
Minimajskakor Gräddfil & Lök Ekologisk 50g ICA I love eco,"20,90 kr","0.05kg 418,00 kr/kg",,,,,,,,,,,,,,,,,,,,,,,,,https://handlaprivatkund.ica.se/stores/1004181/products/minimajskakor-gr%C3%A4ddfil-l%C3%B6k-ekologisk-50g-ica-i-love-eco/1505905
Cheddar Cheese 150g Finn Crisp,"32,90 kr","0.15kg 219,33 kr/kg",397 kcal,1662 kJ,13 g,1.9 g,51 g,5.7 g,10 g,1.4 g,18 g,,,,,,,,,,,,,,,,https://handlaprivatkund.ica.se/stores/1004181/products/cheddar-cheese-150g-finn-crisp/2075343
Majskakor Gräddfil & lök 125g Friggs,"27,90 kr","0.125kg 223,20 kr/kg",410 kcal,1750 kJ,15 g,2 g,63 g,1.4 g,6.9 g,1.5 g,1.2 g,,,,,,,,,,,,,,,,https://handlaprivatkund.ica.se/stores/1004181/products/majskakor-gr%C3%A4ddfil-l%C3%B6k-125g-friggs/1511662
Guldkorn 500g Pågen,"36,90 kr","0.5kg 73,80 kr/kg",272 kcal,1150 kJ,2.5 g,0.3 g,51 g,7.3 g,9.3 g,1.1 g,4.8 g,,,,,,,,,,,,,,,,https://handlaprivatkund.ica.se/stores/1004181/products/guldkorn-500g-p%C3%A5gen/1390913
Kladdkaka Marabou Fryst 420g Almondy,"44,90 kr","0.42kg 106,90 kr/kg",433 kcal,1813 kJ,20 g,4.9 g,59 g,37 g,3.6 g,0.25 g,,,,,,,,,,,,,,,,,https://handlaprivatkund.ica.se/stores/1004181/products/kladdkaka-marabou-fryst-420g-almondy/2012415
Knäckebröd Falu Råg-Rut 470g Wasa,"31,90 kr","0.47kg 67,87 kr/kg",331 kcal,1395 kJ,1.5 g,0.3 g,59.9 g,1 g,9.5 g,1.2 g,20 g,,,,,,,,,,,,,,,,https://handlaprivatkund.ica.se/stores/1004181/products/kn%C3%A4ckebr%C3%B6d-falu-r%C3%A5g-rut-470g-wasa/1003139
Tunnbröd Original 340g Liba Bröd,"14,90 kr","0.33kg 45,15 kr/kg",240 kcal,1000 kJ,1 g,,49 g,,7.5 g,0.65 g,2.2 g,,,,,,,,,,,,,,,,https://handlaprivatkund.ica.se/stores/1004181/products/tunnbr%C3%B6d-original-340g-liba-br%C3%B6d/1418370
Tigerkaka 350g ICA Basic,"19,90 kr","0.35kg 56,86 kr/kg",414 kcal,1738 kJ,18 g,1.6 g,58 g,33 g,4.5 g,0.75 g,,,,,,,,,,,,,,,,,https://handlaprivatkund.ica.se/stores/1004181/products/tigerkaka-350g-ica-basic/2109100
Havreknäcke 600g Wasa,"53,00 kr","0.6kg 88,33 kr/kg",366 kcal,1546 kJ,5 g,1 g,64 g,0.5 g,12 g,1.2 g,10 g,,,,,3.3 mg,,,,90 mg,2.5 mg,,,,,,https://handlaprivatkund.ica.se/stores/1004181/products/havrekn%C3%A4cke-600g-wasa/2107006
Mandelkubb 400g Nyåkers,"52,00 kr","0.4kg 130,00 kr/kg",440 kcal,1850 kJ,15 g,7 g,69 g,39 g,5.5 g,0.7 g,,,,,,,,,,,,,,,,,https://handlaprivatkund.ica.se/stores/1004181/products/mandelkubb-400g-ny%C3%A5kers/1519991
Knäckebröd Sport 550g Wasa,"28,90 kr","0.55kg 52,55 kr/kg",330 kcal,1389 kJ,1.5 g,0.4 g,60 g,1.5 g,9 g,1.2 g,20 g,,,,,2.8 mg,,,,100 mg,2.3 mg,,,,,,https://handlaprivatkund.ica.se/stores/1004181/products/kn%C3%A4ckebr%C3%B6d-sport-550g-wasa/1003137
Arraksbollar 6-p 240g ICA,"15,00 kr","0.24kg 62,50 kr/kg",550 kcal,2200 kJ,32 g,21 g,55 g,32 g,4.4 g,0.4 g,5 g,,,,,,,,,,,,,,,,https://handlaprivatkund.ica.se/stores/1004181/products/arraksbollar-6-p-240g-ica/1470282
Normalgräddat knäckebröd 200g Leksands Knäckebröd,"16,90 kr","0.2kg 84,50 kr/kg",350 kcal,1400 kJ,1.6 g,0.3 g,60 g,0.5 g,8.9 g,1.2 g,20 g,,,,,,,,,,,,,,,,https://handlaprivatkund.ica.se/stores/1004181/products/normalgr%C3%A4ddat-kn%C3%A4ckebr%C3%B6d-200g-leksands-kn%C3%A4ckebr%C3%B6d/1007522
Morotsmuffins 100g Dan Cake,"14,90 kr","0.1kg 149,00 kr/kg",389 kcal,1628 kJ,18 g,2.4 g,53 g,30 g,4.4 g,1 g,,,,,,,,,,,,,,,,,https://handlaprivatkund.ica.se/stores/1004181/products/morotsmuffins-100g-dan-cake/2141928
Muffins Kola Karamell med smörkrokant 100g Dan Cake,"14,90 kr","0.1kg 149,00 kr/kg",392 kcal,1639 kJ,19 g,2.4 g,49 g,27 g,5.1 g,1.3 g,,,,,,,,,,,,,,,,,https://handlaprivatkund.ica.se/stores/1004181/products/muffins-kola-karamell-med-sm%C3%B6rkrokant-100g-dan-cake/2141925
Rågkaka 6-p 250g Polarbröd,"29,90 kr","0.25kg 119,60 kr/kg",270 kcal,1150 kJ,3.3 g,0.8 g,50 g,8.2 g,7.4 g,1 g,4.4 g,,,,,,,,,,,,,,,,https://handlaprivatkund.ica.se/stores/1004181/products/r%C3%A5gkaka-6-p-250g-polarbr%C3%B6d/1025184
Toscabulle 100g Bonjour,"14,90 kr","0.1kg 149,00 kr/kg",352 kcal,1477 kJ,14 g,4.6 g,48 g,19 g,6.9 g,0.58 g,3.2 g,,,,,,,,,,,,,,,,https://handlaprivatkund.ica.se/stores/1004181/products/toscabulle-100g-bonjour/2013491
Punschrullar 6-p 210g ICA,"15,00 kr","0.21kg 71,43 kr/kg",473 kcal,1978 kJ,24 g,12 g,58 g,40 g,4.9 g,0.3 g,3.7 g,,,,,,,,,,,,,,,,https://handlaprivatkund.ica.se/stores/1004181/products/punschrullar-6-p-210g-ica/1407205
Dubbelkex kakaofyl 176 g ICA Basic,"19,90 kr","0.176kg 113,07 kr/kg",494 kcal,2069 kJ,23 g,15 g,64 g,34 g,5.4 g,0.46 g,,,,,,,,,,,,,,,,,https://handlaprivatkund.ica.se/stores/1004181/products/dubbelkex-kakaofyl-176-g-ica-basic/2126947
Kladdkaka Glutenfri Fryst 400g ICA,"32,90 kr","0.4kg 82,25 kr/kg",400 kcal,1657 kJ,14 g,1.9 g,62 g,42 g,4.1 g,0.4 g,,,,,,,,,,,,,,,,,https://handlaprivatkund.ica.se/stores/1004181/products/kladdkaka-glutenfri-fryst-400g-ica/2002269
Matkex Havssaltade 150g Göteborgs Utvalda,"39,90 kr","0.15kg 266,00 kr/kg",473 kcal,1981 kJ,22 g,5.9 g,59 g,3.8 g,8.8 g,3 g,3.2 g,,,,,,,,,,,,,,,,https://handlaprivatkund.ica.se/stores/1004181/products/matkex-havssaltade-150g-g%C3%B6teborgs-utvalda/1355959
Kanelbullesnittar 300g ICA,"27,90 kr","0.3kg 93,00 kr/kg",,,,,,,,,,,,,,,,,,,,,,,,,https://handlaprivatkund.ica.se/stores/1004181/products/kanelbullesnittar-300g-ica/2065049
Delicatoboll 58g Delicato,"9,90 kr","0.058kg 170,69 kr/kg",480 kcal,2000 kJ,30 g,18 g,49 g,30 g,5 g,0.4 g,,,,,,,,,,,,,,,,,https://handlaprivatkund.ica.se/stores/1004181/products/delicatoboll-58g-delicato/1026166
Kardemummaskorpor 225g ICA,"24,90 kr","0.225kg 110,67 kr/kg",420 kcal,1750 kJ,8.9 g,1.2 g,70 g,11 g,10 g,0.9 g,4.1 g,,,,,,,,,,,,,,,,https://handlaprivatkund.ica.se/stores/1004181/products/kardemummaskorpor-225g-ica/1396328
Kex Original 190g Singoalla,"27,90 kr","0.19kg 146,84 kr/kg",466 kcal,1959 kJ,18 g,9 g,70 g,38 g,4.9 g,0.47 g,1.9 g,,,,,,,,,,,,,,,,https://handlaprivatkund.ica.se/stores/1004181/products/kex-original-190g-singoalla/1471941
Rosta Rostbröd 450g Pågen,"29,90 kr","0.45kg 66,44 kr/kg",256 kcal,1071 kJ,2.2 g,0.3 g,47 g,3.3 g,9.6 g,1 g,3.1 g,,,,,,,,,,,,,,,,https://handlaprivatkund.ica.se/stores/1004181/products/rosta-rostbr%C3%B6d-450g-p%C3%A5gen/1363532
Cream Crackers 200g Carr,"25,90 kr","0.2kg 129,50 kr/kg",,,,,,,,,,,,,,,,,,,,,,,,,https://handlaprivatkund.ica.se/stores/1004181/products/cream-crackers-200g-carr/1484930
Riskakor Lättsaltade Ekologisk 130g Friggs,"22,90 kr","0.13kg 176,15 kr/kg",380 kcal,1600 kJ,2.5 g,0.6 g,80 g,0.5 g,8 g,0.2 g,3.4 g,,,,,,,,,,,,,,,,https://handlaprivatkund.ica.se/stores/1004181/products/riskakor-l%C3%A4ttsaltade-ekologisk-130g-friggs/1004764
Prinsesstårta Fryst 480g Frödinge,"83,00 kr","0.48kg 172,92 kr/kg",293 kcal,1225 kJ,15 g,7.7 g,35 g,21 g,0.9 g,0.21 g,,,,,,,,,,,,,,,,,https://handlaprivatkund.ica.se/stores/1004181/products/prinsesst%C3%A5rta-fryst-480g-fr%C3%B6dinge/1006413
Hamburgerbröd 8-p 448g Korvbrödsbagarn,"39,90 kr","0.448kg 89,06 kr/kg",283 kcal,1192 kJ,5.8 g,0.8 g,48 g,5.1 g,8.8 g,0.76 g,2.5 g,,,,,,,,,,,,,,,,https://handlaprivatkund.ica.se/stores/1004181/products/hamburgerbr%C3%B6d-8-p-448g-korvbr%C3%B6dsbagarn/1316319
Tunnbröd Sarek 375g Polarbröd,"37,90 kr","0.375kg 101,07 kr/kg",280 kcal,1220 kJ,1.6 g,0.4 g,55 g,7 g,9.8 g,1.2 g,4.5 g,,,,,,,,,,,,,,,,https://handlaprivatkund.ica.se/stores/1004181/products/tunnbr%C3%B6d-sarek-375g-polarbr%C3%B6d/1299501
Kakor Mörk Choko 205g Ballerina,"27,90 kr","0.205kg 136,10 kr/kg",500 kcal,2100 kJ,25 g,15 g,61 g,32 g,5.6 g,0.6 g,3.1 g,,,,,,,,,,,,,,,,https://handlaprivatkund.ica.se/stores/1004181/products/kakor-m%C3%B6rk-choko-205g-ballerina/2053295
Roast'n toast Rostbröd 800g Pågen,"42,90 kr","0.8kg 53,63 kr/kg",263 kcal,1100 kJ,3.6 g,0.4 g,46 g,4.7 g,8.9 g,1.3 g,3.6 g,,,,,,,,,,,,,,,,https://handlaprivatkund.ica.se/stores/1004181/products/roast-n-toast-rostbr%C3%B6d-800g-p%C3%A5gen/1253595
Miniwafers med vanilj 250g ICA,"29,90 kr","0.25kg 119,60 kr/kg",,,,,,,,,,,,,,,,,,,,,,,,,https://handlaprivatkund.ica.se/stores/1004181/products/miniwafers-med-vanilj-250g-ica/1526786
Majskakor Ost 125g Friggs,"27,90 kr","0.125kg 223,20 kr/kg",410 kcal,1750 kJ,14 g,2 g,63 g,5.3 g,7.3 g,1.6 g,0.9 g,,,,,,,,,,,,,,,,https://handlaprivatkund.ica.se/stores/1004181/products/majskakor-ost-125g-friggs/1511658
Kaka Liten citronkaka 250g ICA,"38,90 kr","0.25kg 155,60 kr/kg",421 kcal,1764 kJ,19 g,5.1 g,58 g,34 g,4.4 g,1 g,,,,,,,,,,,,,,,,,https://handlaprivatkund.ica.se/stores/1004181/products/kaka-liten-citronkaka-250g-ica/2044214
Knäckebröd Falu Råg-Rut 235g Wasa,"18,90 kr","0.235kg 80,43 kr/kg",332 kcal,1397 kJ,1.5 g,0.3 g,60 g,1 g,9.5 g,1.2 g,20 g,,,,,,,,,,,,,,,,https://handlaprivatkund.ica.se/stores/1004181/products/kn%C3%A4ckebr%C3%B6d-falu-r%C3%A5g-rut-235g-wasa/1003138
Sockerkaka 350g ICA Basic,"19,90 kr","0.35kg 56,86 kr/kg",421 kcal,1765 kJ,18 g,1.5 g,60 g,33 g,4.2 g,0.75 g,,,,,,,,,,,,,,,,,https://handlaprivatkund.ica.se/stores/1004181/products/sockerkaka-350g-ica-basic/2109099
Sandwich French Herbs 30g Wasa,"11,90 kr","0.03kg 396,67 kr/kg",454 kcal,1935 kJ,24 g,8 g,45 g,3.5 g,10 g,1.25 g,14 g,,,,,,,,,,,,,,,,https://handlaprivatkund.ica.se/stores/1004181/products/sandwich-french-herbs-30g-wasa/1396018
Majskakor chokladdoppade 100g ICA,"35,90 kr","0.1kg 359,00 kr/kg",496 kcal,2077 kJ,23 g,14 g,65 g,29 g,6.1 g,0.18 g,,,,,,,,,,,,,,,,,https://handlaprivatkund.ica.se/stores/1004181/products/majskakor-chokladdoppade-100g-ica/2091065
Knäckebröd Runda Kanel 330g Wasa,"33,90 kr","0.33kg 102,73 kr/kg",396 kcal,1699 kJ,7.5 g,1 g,69 g,15 g,10 g,1.25 g,6 g,,,,,,,,,,,,,,,,https://handlaprivatkund.ica.se/stores/1004181/products/kn%C3%A4ckebr%C3%B6d-runda-kanel-330g-wasa/1003141
Marängbottnar 2-p 180g ICA,"41,90 kr","0.18kg 232,78 kr/kg",395 kcal,1680 kJ,0.5 g,0.1 g,97 g,97 g,1.6 g,0.1 g,,,,,,,,,,,,,,,,,https://handlaprivatkund.ica.se/stores/1004181/products/mar%C3%A4ngbottnar-2-p-180g-ica/1346029
Baguette vete 125g Bonjour,"13,90 kr","0.125kg 111,20 kr/kg",240 kcal,1028 kJ,1.2 g,0.3 g,47 g,0.3 g,8.7 g,1.1 g,3.7 g,,,,,,,,,,,,,,,,https://handlaprivatkund.ica.se/stores/1004181/products/baguette-vete-125g-bonjour/2032442
Brownie Choklad 285g ICA,"36,90 kr","0.285kg 129,47 kr/kg",450 kcal,1879 kJ,24 g,5.4 g,53 g,41 g,5.3 g,0.3 g,,,,,,,,,,,,,,,,,https://handlaprivatkund.ica.se/stores/1004181/products/brownie-choklad-285g-ica/2062741
Kex med Chokladfyllning 250g ICA,"18,90 kr","0.25kg 75,60 kr/kg",443 kcal,1866 kJ,13 g,5.9 g,74 g,33 g,6.3 g,0.5 g,,,,,,,,,,,,,,,,,https://handlaprivatkund.ica.se/stores/1004181/products/kex-med-chokladfyllning-250g-ica/2052642
Bröd Limpan Glutenfri Fryst 500g Fria,"40,90 kr","0.5kg 81,80 kr/kg",270 kcal,1150 kJ,3.7 g,0.6 g,56 g,9.4 g,0.9 g,1.3 g,4.7 g,,,,,,,,,,,,,,,,https://handlaprivatkund.ica.se/stores/1004181/products/br%C3%B6d-limpan-glutenfri-fryst-500g-fria/2033535
Digestivekex 400g ICA Basic,"14,90 kr","0.4kg 37,25 kr/kg",490 kcal,2050 kJ,22 g,11 g,65 g,18 g,6.5 g,1.6 g,4 g,,,,,,,,,,,,640 mg,,,,https://handlaprivatkund.ica.se/stores/1004181/products/digestivekex-400g-ica-basic/1411275
Kakor Golden 154g Oreo,"31,90 kr","0.154kg 207,14 kr/kg",484 kcal,2030 kJ,20 g,5 g,69 g,35 g,5.3 g,0.79 g,1.7 g,,,,,,,,,,,,,,,,https://handlaprivatkund.ica.se/stores/1004181/products/kakor-golden-154g-oreo/2058171
Lingongrova 500g Pågen,"33,90 kr","0.5kg 67,80 kr/kg",266 kcal,1112 kJ,3 g,0.3 g,47 g,9 g,8.8 g,0.77 g,6.1 g,,,,,,,,,,,,,,,,https://handlaprivatkund.ica.se/stores/1004181/products/lingongrova-500g-p%C3%A5gen/1023753
Korvbröd 10-p 270g Korvbrödsbagarn,"26,90 kr","0.27kg 99,63 kr/kg",294 kcal,1241 kJ,6.6 g,0.7 g,48 g,4.4 g,9.5 g,0.44 g,1.9 g,,,,,,,,,,,,,,,,https://handlaprivatkund.ica.se/stores/1004181/products/korvbr%C3%B6d-10-p-270g-korvbr%C3%B6dsbagarn/1026172
Kanelbullar Glutenfri Fryst 5-p 220g Hans & Greta,"61,00 kr","0.22kg 277,27 kr/kg",330 kcal,1400 kJ,8.5 g,4 g,59 g,20 g,4 g,0.64 g,,,,,,,,,,,,,,,,,https://handlaprivatkund.ica.se/stores/1004181/products/kanelbullar-glutenfri-fryst-5-p-220g-hans-greta/1443339
Knäckebröd Husman 260g Wasa,"17,90 kr","0.26kg 68,85 kr/kg",330 kcal,1390 kJ,2 g,0.4 g,58 g,1.5 g,10 g,1.25 g,20 g,,,,,2.6 mg,,,,85 mg,2.4 mg,,,,,,https://handlaprivatkund.ica.se/stores/1004181/products/kn%C3%A4ckebr%C3%B6d-husman-260g-wasa/1245850
Kaka Drömmar 300g ICA,"27,90 kr","0.3kg 93,00 kr/kg",498 kcal,2085 kJ,22 g,7.2 g,70 g,39 g,4.3 g,0.27 g,,,,,,,,,,,,,,,,,https://handlaprivatkund.ica.se/stores/1004181/products/kaka-dr%C3%B6mmar-300g-ica/2022180
Krustader mini 24-p Rahms,"54,00 kr","0.05kg 1 080,00 kr/kg",520 kcal,2171 kJ,31 g,15.7 g,49.2 g,2.5 g,9.7 g,3.5 g,2.8 g,,,,,,,,,,,,,,,,https://handlaprivatkund.ica.se/stores/1004181/products/krustader-mini-24-p-rahms/2105918
Pepparkakor 300g Annas,"27,90 kr","0.3kg 93,00 kr/kg",471 kcal,1979 kJ,19 g,9 g,70 g,33 g,5.4 g,1.19 g,1.5 g,,,,,,,,,,,,,,,,https://handlaprivatkund.ica.se/stores/1004181/products/pepparkakor-300g-annas/1007510
Crostini Naturell 120g Zeta,"35,90 kr","0.12kg 299,17 kr/kg",451 kcal,1894 kJ,16 g,2.5 g,65 g,3.5 g,11 g,2.2 g,,,,,,,,,,,,,,,,,https://handlaprivatkund.ica.se/stores/1004181/products/crostini-naturell-120g-zeta/1008311
Dubbla Cookies Pepparkaka/choklad 168g Ballerina,"41,90 kr","0.168kg 249,40 kr/kg",545 kcal,2278 kJ,30 g,16 g,62 g,39 g,5.2 g,0.55 g,3.5 g,,,,,,,,,,,,,,,,https://handlaprivatkund.ica.se/stores/1004181/products/dubbla-cookies-pepparkaka-choklad-168g-ballerina/2118561
Mazariner 4-pack ICA,"28,90 kr","0.22kg 131,36 kr/kg",421 kcal,1761 kJ,21 g,8.6 g,53 g,37 g,4.4 g,0.35 g,,,,,,,,,,,,,,,,,https://handlaprivatkund.ica.se/stores/1004181/products/mazariner-4-pack-ica/2091277
Digestive 400g KRAV,"38,90 kr","0.4kg 97,25 kr/kg",464 kcal,1947 kJ,17 g,1.5 g,68 g,20 g,7 g,1.3 g,3.6 g,,,,,,,,,,,,,,,,https://handlaprivatkund.ica.se/stores/1004181/products/digestive-400g-krav/1342357
Kex Original 205g Ballerina,"27,90 kr","0.205kg 136,10 kr/kg",500 kcal,2095 kJ,23 g,12 g,66 g,32 g,6.7 g,0.49 g,3.1 g,,,,,,,,,,,,,,,,https://handlaprivatkund.ica.se/stores/1004181/products/kex-original-205g-ballerina/2053296
Pitabröd 2x3p 375g ICA,"18,90 kr","0.375kg 50,40 kr/kg",250 kcal,1046 kJ,1 g,0.1 g,50 g,2.5 g,8.3 g,1.2 g,2.2 g,,,,,,,,,,,,,,,,https://handlaprivatkund.ica.se/stores/1004181/products/pitabr%C3%B6d-2x3p-375g-ica/2042697
Minibaguetter 300g Semper,"58,00 kr","0.3kg 193,33 kr/kg",264 kcal,1119 kJ,2.7 g,0.2 g,55 g,9 g,4 g,1.2 g,2 g,0.21 mg,30 µg,2.7 mg,,4.5 mg,0.2 mg,,,,,,,0.21 mg,120 mg,,https://handlaprivatkund.ica.se/stores/1004181/products/minibaguetter-300g-semper/1414336
Muffins citron 4-p 300g ICA,"33,90 kr","0.3kg 113,00 kr/kg",393 kcal,1645 kJ,21 g,2.1 g,46 g,24 g,4.6 g,1.2 g,,,,,,,,,,,,,,,,,https://handlaprivatkund.ica.se/stores/1004181/products/muffins-citron-4-p-300g-ica/2099370
TUC Sourcream & onion 100g Lu,"17,90 kr","0.1kg 179,00 kr/kg",498 kcal,2085 kJ,23 g,11 g,64 g,6.1 g,7.5 g,1.8 g,2.4 g,,,,,,,,,,,,,,,,https://handlaprivatkund.ica.se/stores/1004181/products/tuc-sourcream-onion-100g-lu/1388641
Rågkakor 900 g ICA,"38,90 kr","0.9kg 43,22 kr/kg",249 kcal,1050 kJ,3.4 g,0.6 g,44 g,8.2 g,7.6 g,1 g,5.3 g,,,,,,,,,,,,,,,,https://handlaprivatkund.ica.se/stores/1004181/products/r%C3%A5gkakor-900-g-ica/2106325
Pågenlimpan 900g Pågen,"42,90 kr","0.9kg 47,67 kr/kg",275 kcal,1150 kJ,1.9 g,0.7 g,52 g,11 g,9.6 g,0.9 g,3.8 g,,,,,,,,,,,,,,,,https://handlaprivatkund.ica.se/stores/1004181/products/p%C3%A5genlimpan-900g-p%C3%A5gen/1025144
Muffins Choklad 300g ICA,"35,90 kr","0.3kg 119,67 kr/kg",410 kcal,1716 kJ,22 g,3.4 g,47 g,27 g,5 g,1.1 g,,,,,,,,,,,,,,,,,https://handlaprivatkund.ica.se/stores/1004181/products/muffins-choklad-300g-ica/2099371
Remi Kakor Mint 100 g Göteborgs,"39,90 kr","0.1kg 399,00 kr/kg",541 kcal,2257 kJ,33 g,19 g,55 g,45 g,3.9 g,0.1 g,3.6 g,,,,,,,,,,,,,,,,https://handlaprivatkund.ica.se/stores/1004181/products/remi-kakor-mint-100-g-g%C3%B6teborgs/1247706
Cookies chokladlinser 150g ICA,"25,90 kr","0.15kg 172,67 kr/kg",496 kcal,2076 kJ,25 g,12 g,62 g,41 g,5 g,0.71 g,3.1 g,,,,,,,,,,,,,,,,https://handlaprivatkund.ica.se/stores/1004181/products/cookies-chokladlinser-150g-ica/2101085
Pizzabröd Pinsa 230g Zeta,"53,00 kr","0.23kg 230,43 kr/kg",263 kcal,1112 kJ,4.8 g,0.9 g,44 g,3.1 g,9.4 g,1.8 g,3.3 g,,,,,,,,,,,,,,,,https://handlaprivatkund.ica.se/stores/1004181/products/pizzabr%C3%B6d-pinsa-230g-zeta/2108429
Chokoflarn 300g ICA,"31,90 kr","0.3kg 106,33 kr/kg",499 kcal,2087 kJ,25 g,15 g,64 g,39 g,4.8 g,0.7 g,2.5 g,,,,,,,,,,,,,,,,https://handlaprivatkund.ica.se/stores/1004181/products/chokoflarn-300g-ica/2075014
Färskt Bröd Vital 350g Schär,"53,00 kr","0.35kg 151,43 kr/kg",257 kcal,1076 kJ,7.7 g,0.9 g,37 g,2.9 g,4.6 g,1 g,9.5 g,,,,,,,,,,,,,,138 mg,,https://handlaprivatkund.ica.se/stores/1004181/products/f%C3%A4rskt-br%C3%B6d-vital-350g-sch%C3%A4r/1489080
Morotskaka 350g Hägges,"55,00 kr","0.35kg 157,14 kr/kg",429 kcal,1794 kJ,23 g,7.2 g,53 g,34 g,4 g,1.1 g,,,,,,,,,,,,,,,,,https://handlaprivatkund.ica.se/stores/1004181/products/morotskaka-350g-h%C3%A4gges/1442952
Minimajskakor popcorn 50g ICA,"19,90 kr","0.05kg 398,00 kr/kg",408 kcal,1725 kJ,7.2 g,0.8 g,79 g,1.4 g,6.1 g,1.6 g,1.5 g,,,,,,,,,,,,,,,,https://handlaprivatkund.ica.se/stores/1004181/products/minimajskakor-popcorn-50g-ica/2150182
Kex Domino Original 175g Fazer,"30,90 kr","0.175kg 176,57 kr/kg",491 kcal,2056 kJ,22 g,9.1 g,66 g,37 g,5 g,0.56 g,,,,,,,,,,,,,,,,,https://handlaprivatkund.ica.se/stores/1004181/products/kex-domino-original-175g-fazer/2151360
Minibaguetter 6-p 300g ICA,"20,90 kr","0.3kg 69,67 kr/kg",226 kcal,959 kJ,0.8 g,0.5 g,46 g,1 g,7.5 g,1 g,2 g,,,,,,,,,,,,,,,,https://handlaprivatkund.ica.se/stores/1004181/products/minibaguetter-6-p-300g-ica/2084606
Brago 225g Göteborgs,"26,90 kr","0.225kg 119,56 kr/kg",469 kcal,1971 kJ,18 g,7.7 g,69 g,22 g,7.3 g,0.7 g,2.7 g,,,,,,,,,,,,,,,,https://handlaprivatkund.ica.se/stores/1004181/products/brago-225g-g%C3%B6teborgs/1004714
Vitlöksbaguetter Fryst 2-p 350g ICA Basic,"18,90 kr","0.35kg 54,00 kr/kg",292 kcal,1227 kJ,9.8 g,2.7 g,43 g,2.4 g,6.7 g,1.4 g,2.4 g,,,,,,,,,,,,,,,,https://handlaprivatkund.ica.se/stores/1004181/products/vitl%C3%B6ksbaguetter-fryst-2-p-350g-ica-basic/1411066
Formbröd Vita Toast Glutenfri Fryst 500g Fria,"40,90 kr","0.5kg 81,80 kr/kg",260 kcal,1100 kJ,3.8 g,0.6 g,52 g,4.3 g,1.5 g,1.3 g,4.1 g,,,,,,,,,,,,,,,,https://handlaprivatkund.ica.se/stores/1004181/products/formbr%C3%B6d-vita-toast-glutenfri-fryst-500g-fria/2033530
Våffelstrutar vanilj 10st 120g ICA,"18,90 kr","0.12kg 157,50 kr/kg",400 kcal,1700 kJ,6 g,4.9 g,79 g,29 g,6 g,0.25 g,,,,,,,,,,,,,,,,,https://handlaprivatkund.ica.se/stores/1004181/products/v%C3%A5ffelstrutar-vanilj-10st-120g-ica/2116366
Bröd Grova Glutenfri Fryst 500g Fria,"40,90 kr","0.5kg 81,80 kr/kg",260 kcal,1100 kJ,3.8 g,0.6 g,53 g,8.3 g,1.2 g,1.3 g,5.4 g,,,,,,,,,,,,,,,,https://handlaprivatkund.ica.se/stores/1004181/products/br%C3%B6d-grova-glutenfri-fryst-500g-fria/2033526
Mjölkchoklad cookies 184g Marabou,"43,90 kr","0.184kg 238,59 kr/kg",510 kcal,2131 kJ,27 g,14 g,60 g,37 g,5.3 g,1.04 g,1.8 g,,,,,,,,,,,,,,,,https://handlaprivatkund.ica.se/stores/1004181/products/mj%C3%B6lkchoklad-cookies-184g-marabou/1406692
Knäckebröd Normalgräddat 830g Leksands Knäckebröd,"51,00 kr","0.83kg 61,45 kr/kg",350 kcal,1400 kJ,1.6 g,0.3 g,60 g,0.5 g,8.9 g,1.2 g,20 g,,,,,,,,,,,,,,,,https://handlaprivatkund.ica.se/stores/1004181/products/kn%C3%A4ckebr%C3%B6d-normalgr%C3%A4ddat-830g-leksands-kn%C3%A4ckebr%C3%B6d/1007519
Ostfranska 70g Bonjour,"12,90 kr","0.07kg 184,29 kr/kg",287 kcal,1215 kJ,4.2 g,2.2 g,50 g,1.8 g,11 g,1.7 g,2.3 g,,,,,,,,,,,,,,,,https://handlaprivatkund.ica.se/stores/1004181/products/ostfranska-70g-bonjour/2137476
Chokladkaka 350g Hägges,"56,00 kr","0.35kg 160,00 kr/kg",430 kcal,1796 kJ,23 g,8.4 g,52 g,35 g,4.6 g,1.1 g,,,,,,,,,,,,,,,,,https://handlaprivatkund.ica.se/stores/1004181/products/chokladkaka-350g-h%C3%A4gges/1442953
Runda björn 240g Lövånger,"35,90 kr","0.24kg 149,58 kr/kg",,,,,,,,,,,,,,,,,,,,,,,,,https://handlaprivatkund.ica.se/stores/1004181/products/runda-bj%C3%B6rn-240g-l%C3%B6v%C3%A5nger/1023623
Rågbröd fyra korn 500g ICA,"30,90 kr","0.5kg 61,80 kr/kg",190 kcal,800 kJ,2.9 g,0.4 g,34 g,0.7 g,7.6 g,,8.1 g,,,,,,,,,,,,,,,,https://handlaprivatkund.ica.se/stores/1004181/products/r%C3%A5gbr%C3%B6d-fyra-korn-500g-ica/1402478
Oat Crunch Mjölkchoklad 150g McVities,"40,90 kr","0.15kg 272,67 kr/kg",459 kcal,1921 kJ,23.3 g,10.6 g,53.5 g,33 g,6.5 g,0.45 g,4.8 g,,,,,,,,,,,,,,,,https://handlaprivatkund.ica.se/stores/1004181/products/oat-crunch-mj%C3%B6lkchoklad-150g-mcvities/2067690
Cookies Gingerbread 154 g Oreo,"31,90 kr","0.154kg 207,14 kr/kg",481 kcal,2018 kJ,20 g,5.1 g,68 g,33 g,5.4 g,0.78 g,1.8 g,,,,,,,,,,,,,,,,https://handlaprivatkund.ica.se/stores/1004181/products/cookies-gingerbread-154-g-oreo/2140382
Havreknäcke Glutenfri 215g Semper,"27,90 kr","0.215kg 129,77 kr/kg",372 kcal,1574 kJ,3.6 g,0.5 g,75 g,4 g,6 g,1.3 g,8 g,0.22 mg,40 µg,2.4 mg,22.5 µg,4 mg,0.23 mg,,,,,,,,,,https://handlaprivatkund.ica.se/stores/1004181/products/havrekn%C3%A4cke-glutenfri-215g-semper/1128256
Kanelbullar Fryst 12-p 420g ICA,"37,90 kr","0.42kg 90,24 kr/kg",363 kcal,1527 kJ,11 g,1.3 g,59 g,23 g,5.8 g,1.3 g,2.3 g,,,,,,,,,,,,,,,,https://handlaprivatkund.ica.se/stores/1004181/products/kanelbullar-fryst-12-p-420g-ica/1333446
Havrekakor mjölkchoklad 300g ICA,"28,90 kr","0.3kg 96,33 kr/kg",488 kcal,2045 kJ,22 g,11 g,62 g,31 g,7.8 g,0.64 g,,,,,,,,,,,,,,,,,https://handlaprivatkund.ica.se/stores/1004181/products/havrekakor-mj%C3%B6lkchoklad-300g-ica/2099372
Hamburgerbröd Glutenfri Laktosfri 300g Schär,"66,00 kr","0.3kg 220,00 kr/kg",224 kcal,946 kJ,2.6 g,0.3 g,44 g,4.7 g,3.2 g,0.91 g,5.7 g,,,,,,,,,,,,,,,,https://handlaprivatkund.ica.se/stores/1004181/products/hamburgerbr%C3%B6d-glutenfri-laktosfri-300g-sch%C3%A4r/1510987
Breton Original 112g Dare,"26,90 kr","0.112kg 240,18 kr/kg",471 kcal,1970.66 kJ,20.2 g,2 g,63.1 g,5.8 g,10 g,2 g,5 g,,,,,,,,,,,,,,,,https://handlaprivatkund.ica.se/stores/1004181/products/breton-original-112g-dare/1453795
Mjuk pepparkaka 350g ICA Basic,"19,90 kr","0.35kg 56,86 kr/kg",417 kcal,1750 kJ,18 g,1.5 g,59 g,33 g,4.3 g,0.75 g,,,,,,,,,,,,,,,,,https://handlaprivatkund.ica.se/stores/1004181/products/mjuk-pepparkaka-350g-ica-basic/2109098
Choco moment 180g Marabou,"43,90 kr","0.18kg 243,89 kr/kg",540 kcal,2245 kJ,31 g,17.5 g,56 g,43 g,6.7 g,0.45 g,2.3 g,,,,,,,,,,,,,,,,https://handlaprivatkund.ica.se/stores/1004181/products/choco-moment-180g-marabou/1425270
Grekiskt Lantbröd 560g Pågen,"40,90 kr","0.56kg 73,04 kr/kg",259 kcal,1094 kJ,2.6 g,0.4 g,48 g,3.4 g,9.4 g,1.3 g,3 g,,,,,,,,,,,,,,,,https://handlaprivatkund.ica.se/stores/1004181/products/grekiskt-lantbr%C3%B6d-560g-p%C3%A5gen/2140745
Mandelbiskvier 150g Cloetta,"24,90 kr","0.15kg 166,00 kr/kg",435 kcal,1847 kJ,16 g,11 g,68 g,57 g,7.2 g,0.13 g,,,,,,,,,,,,,,,,,https://handlaprivatkund.ica.se/stores/1004181/products/mandelbiskvier-150g-cloetta/1001928
Spritsade kakor med Mjölkchoklad 250g ICA Basic,"27,90 kr","0.25kg 111,60 kr/kg",530 kcal,2230 kJ,31 g,17 g,58 g,29 g,5.2 g,0.5 g,1.9 g,,,,,,,,,,,,,,,,https://handlaprivatkund.ica.se/stores/1004181/products/spritsade-kakor-med-mj%C3%B6lkchoklad-250g-ica-basic/1418221
Gifflar Kardemumma 260g Pågen,"36,90 kr","0.26kg 141,92 kr/kg",337 kcal,1418 kJ,10 g,1.3 g,52 g,19 g,7.6 g,0.55 g,,,,,,,,,,,,,,,,,https://handlaprivatkund.ica.se/stores/1004181/products/gifflar-kardemumma-260g-p%C3%A5gen/2150990
Tacobröd Tortilla Glutenfri 6-p Old el Paso,"41,90 kr","0.216kg 193,98 kr/kg",268 kcal,1136 kJ,2.2 g,0.7 g,58 g,0.3 g,1.9 g,1.31 g,3.8 g,,,,,,,,,,,,,,,,https://handlaprivatkund.ica.se/stores/1004181/products/tacobr%C3%B6d-tortilla-glutenfri-6-p-old-el-paso/2023041
Mini Croissants 8-p ICA,"40,90 kr","8 per frp 5,11 kr/st",448 kcal,1868 kJ,27 g,18 g,45 g,6.1 g,6.1 g,0.95 g,,,,,,,,,,,,,,,,,https://handlaprivatkund.ica.se/stores/1004181/products/mini-croissants-8-p-ica/2091091
Levainbröd Surdeg Vete 650g Pågen,"52,00 kr","0.65kg 80,00 kr/kg",235 kcal,984 kJ,1.3 g,0.3 g,44 g,3.2 g,9.9 g,1.3 g,3.4 g,,,,,,,,,,,,,,,,https://handlaprivatkund.ica.se/stores/1004181/products/levainbr%C3%B6d-surdeg-vete-650g-p%C3%A5gen/1526635
Kaka Cookies Cream Fryst 400g Oreo,"75,00 kr","0.4kg 187,50 kr/kg",365 kcal,1522 kJ,22 g,10 g,36 g,27 g,4.4 g,0.52 g,,,,,,,,,,,,,,,,,https://handlaprivatkund.ica.se/stores/1004181/products/kaka-cookies-cream-fryst-400g-oreo/2000508
Gifflar Vanilj 280g Pågen,"33,90 kr","0.28kg 121,07 kr/kg",350 kcal,1471 kJ,11 g,1.2 g,54 g,17 g,7.6 g,0.46 g,,,,,,,,,,,,,,,,,https://handlaprivatkund.ica.se/stores/1004181/products/gifflar-vanilj-280g-p%C3%A5gen/2075675
Knäckebröd Surdeg Flerkorn 275g Wasa,"30,90 kr","0.275kg 112,36 kr/kg",340 kcal,1418 kJ,2.5 g,0.5 g,58.5 g,0.5 g,11 g,1.13 g,18 g,,,,,3.5 mg,,,,110 mg,,330 mg,,,,500 mg,https://handlaprivatkund.ica.se/stores/1004181/products/kn%C3%A4ckebr%C3%B6d-surdeg-flerkorn-275g-wasa/1440855
Kakor Multigrain 230g Wasa,"32,90 kr","0.23kg 143,04 kr/kg",446 kcal,1873 kJ,16 g,1.5 g,65 g,19 g,7 g,0.75 g,8 g,,,,,,,,,,,,,,,,https://handlaprivatkund.ica.se/stores/1004181/products/kakor-multigrain-230g-wasa/2107288
Oreo Creme 156g Marabou,"39,90 kr","0.156kg 255,77 kr/kg",520 kcal,2173 kJ,29 g,14 g,60 g,39 g,4.2 g,0.55 g,2 g,,,,,,,,,,,,,,,,https://handlaprivatkund.ica.se/stores/1004181/products/oreo-creme-156g-marabou/2091772
Mariekex 200g ICA,"15,90 kr","0.2kg 79,50 kr/kg",,,,,,,,,,,,,,,,,,,,,,,,,https://handlaprivatkund.ica.se/stores/1004181/products/mariekex-200g-ica/1026365
Kaka Choco Brownie 150g Marabou,"43,90 kr","0.15kg 292,67 kr/kg",468 kcal,1954 kJ,27 g,12 g,50 g,38 g,5 g,0.38 g,1.7 g,,,,,,,,,,,,,,,,https://handlaprivatkund.ica.se/stores/1004181/products/kaka-choco-brownie-150g-marabou/2140650
Råg Levain 650g Pågen,"52,00 kr","0.65kg 80,00 kr/kg",235 kcal,985 kJ,1.5 g,0.3 g,43 g,3.6 g,9.3 g,1.3 g,4.2 g,,,,,,,,,,,,,,,,https://handlaprivatkund.ica.se/stores/1004181/products/r%C3%A5g-levain-650g-p%C3%A5gen/2010289
Wafers med apelsinsmak 240g ICA Basic,"37,90 kr","0.24kg 157,92 kr/kg",517 kcal,2161 kJ,29 g,23 g,58 g,44 g,4.9 g,0.06 g,,,,,,,,,,,,,,,,,https://handlaprivatkund.ica.se/stores/1004181/products/wafers-med-apelsinsmak-240g-ica-basic/2116317
Savoiardokex 200g Zeta,"31,90 kr","0.2kg 159,50 kr/kg",381 kcal,1615 kJ,3.8 g,0.9 g,78 g,42 g,7.8 g,0.21 g,2 g,,,,,,,,,,,,,,,,https://handlaprivatkund.ica.se/stores/1004181/products/savoiardokex-200g-zeta/2168442
Knäckebröd Sport 275g Wasa,"24,90 kr","0.275kg 90,55 kr/kg",327 kcal,1377 kJ,1.5 g,0.4 g,59.3 g,1.5 g,9 g,1.25 g,20 g,,,,,3.1 mg,,,,100 mg,2.6 mg,,,,,,https://handlaprivatkund.ica.se/stores/1004181/products/kn%C3%A4ckebr%C3%B6d-sport-275g-wasa/1003136
Sandwich Tomato & Basil 40g Wasa,"11,90 kr","0.04kg 297,50 kr/kg",479 kcal,2005 kJ,23 g,8 g,54 g,5 g,12 g,1.3 g,5 g,,,,,,,,,,,,,,,,https://handlaprivatkund.ica.se/stores/1004181/products/sandwich-tomato-basil-40g-wasa/1396017
Hönökaka 318 g ICA,"25,90 kr","0.318kg 81,45 kr/kg",271 kcal,1142 kJ,6.2 g,0.5 g,44 g,6.2 g,8.4 g,0.6 g,2.7 g,,,,,,,,,,,,,,,,https://handlaprivatkund.ica.se/stores/1004181/products/h%C3%B6n%C3%B6kaka-318-g-ica/2126953
Kardemumma skorpor 240g Pågen,"27,90 kr","0.24kg 116,25 kr/kg",438 kcal,1844 kJ,11 g,1.3 g,73 g,13 g,9.8 g,0.5 g,3.2 g,,,,,,,,,,,,,,,,https://handlaprivatkund.ica.se/stores/1004181/products/kardemumma-skorpor-240g-p%C3%A5gen/2100567
Crunchies Orginal 110g Oreo,"35,90 kr","0.11kg 326,36 kr/kg",480 kcal,2015 kJ,20 g,5.8 g,68 g,39 g,4.8 g,0.69 g,2.8 g,,,,,,,,,,,,,,,,https://handlaprivatkund.ica.se/stores/1004181/products/crunchies-orginal-110g-oreo/2063143
Längtan 750g Pågen,"48,90 kr","0.75kg 65,20 kr/kg",283 kcal,1184 kJ,3.8 g,0.4 g,50 g,9.2 g,9.9 g,1.1 g,4.3 g,,,,,,,,,,,,,,,,https://handlaprivatkund.ica.se/stores/1004181/products/l%C3%A4ngtan-750g-p%C3%A5gen/1025002
Majsbröd Spröda Glutenfri 61g Olda,"10,90 kr","0.07kg 155,71 kr/kg",350 kcal,1482 kJ,1.2 g,0.1 g,74.2 g,0.6 g,8.4 g,0.7 g,6.4 g,,,,,,,,,,,,,,,,https://handlaprivatkund.ica.se/stores/1004181/products/majsbr%C3%B6d-spr%C3%B6da-glutenfri-61g-olda/1008446
Surdegskex Utvalda med Havssalt 100g Göteborgs,"37,90 kr","0.1kg 379,00 kr/kg",460 kcal,1950 kJ,18 g,2.4 g,67 g,3 g,7 g,3 g,3.2 g,,,,,,,,,,,,,,,,https://handlaprivatkund.ica.se/stores/1004181/products/surdegskex-utvalda-med-havssalt-100g-g%C3%B6teborgs/1478805
Punschrulle 6-p 240g Delicato,"35,90 kr","0.24kg 149,58 kr/kg",450 kcal,1800 kJ,20 g,8 g,59 g,37 g,5 g,0.2 g,,,,,,,,,,,,,,,,,https://handlaprivatkund.ica.se/stores/1004181/products/punschrulle-6-p-240g-delicato/1416856
Balder 110 g Bonjour,"12,90 kr","0.11kg 117,27 kr/kg",248 kcal,1053 kJ,0.9 g,0.1 g,51 g,1 g,7.6 g,1.5 g,2.8 g,,,,,,,,,,,,,,,,https://handlaprivatkund.ica.se/stores/1004181/products/balder-110-g-bonjour/2140820
Donut med choklad glasyr 240g Prosweet,"33,90 kr","0.24kg 141,25 kr/kg",442 kcal,1847 kJ,23 g,12 g,53 g,30 g,5 g,0.7 g,,,,,,,,,,,,,,,,,https://handlaprivatkund.ica.se/stores/1004181/products/donut-med-choklad-glasyr-240g-prosweet/2138507
Croissants 6-p 240g Danerolles,"31,90 kr","0.24kg 132,92 kr/kg",324 kcal,1355 kJ,15 g,7.4 g,36 g,6.3 g,8.4 g,2 g,1.5 g,,,,,,,,,,,,,,,,https://handlaprivatkund.ica.se/stores/1004181/products/croissants-6-p-240g-danerolles/1450012
Apelsinpepparkakor 300g Annas,"30,90 kr","0.3kg 103,00 kr/kg",,,,,,,,,,,,,,,,,,,,,,,,,https://handlaprivatkund.ica.se/stores/1004181/products/apelsinpepparkakor-300g-annas/1007511
Lingongrova Special 500g Pågen,"39,90 kr","0.5kg 79,80 kr/kg",279 kcal,1178 kJ,4.6 g,0.6 g,46 g,5 g,11 g,1 g,6 g,,,,,,,,,,,,,,,,https://handlaprivatkund.ica.se/stores/1004181/products/lingongrova-special-500g-p%C3%A5gen/1402685
Knäckebröd Din Stund Chia & Havssalt 260g Wasa,"44,90 kr","0.26kg 172,69 kr/kg",350 kcal,1472 kJ,4 g,0.5 g,58 g,0.2 g,10 g,1.2 g,21 g,,,,,,,,,,,,,,,,https://handlaprivatkund.ica.se/stores/1004181/products/kn%C3%A4ckebr%C3%B6d-din-stund-chia-havssalt-260g-wasa/2015952
Majskakor Popcor 125g ICA,"22,90 kr","0.125kg 183,20 kr/kg",452 kcal,1901 kJ,15 g,1.2 g,73 g,1.5 g,5.4 g,1.8 g,1.6 g,,,,,,,,,,,,,,,,https://handlaprivatkund.ica.se/stores/1004181/products/majskakor-popcor-125g-ica/2136001
Dadelbollar choklad 90g Lazaridis,"35,90 kr","0.09kg 398,89 kr/kg",1501 kcal,359 kJ,13.6 g,10.8 g,49.1 g,42.5 g,5.2 g,0.15 g,5.4 g,,,,,,,,,,,,,,,,https://handlaprivatkund.ica.se/stores/1004181/products/dadelbollar-choklad-90g-lazaridis/2101102
Knäckebröd 100 Frön & Havssalt 245g Wasa,"29,90 kr","0.245kg 122,04 kr/kg",348 kcal,1461 kJ,5 g,0.7 g,54 g,1 g,11 g,1.2 g,21 g,,,,,,,,,,,,,,,,https://handlaprivatkund.ica.se/stores/1004181/products/kn%C3%A4ckebr%C3%B6d-100-fr%C3%B6n-havssalt-245g-wasa/2039372
Digestive doppade i mörk choklad 300g ICA,"27,90 kr","0.3kg 93,00 kr/kg",499 kcal,2090 kJ,24 g,13 g,63 g,27 g,6 g,0.54 g,,,,,,,,,,,,,,,,,https://handlaprivatkund.ica.se/stores/1004181/products/digestive-doppade-i-m%C3%B6rk-choklad-300g-ica/2091070
Tuc Paprika 100g Lu,"17,90 kr","0.1kg 179,00 kr/kg",494 kcal,2071 kJ,23 g,10 g,63 g,4.3 g,8 g,2 g,2.5 g,,,,,,,,,,,,,,,,https://handlaprivatkund.ica.se/stores/1004181/products/tuc-paprika-100g-lu/1131765
Kebabrullebröd 6-p 510g Schysst käk,"36,90 kr","0.51kg 72,35 kr/kg",313 kcal,1319 kJ,7.4 g,1.4 g,54 g,3.4 g,7.8 g,1.6 g,,,,,,,,,,,,,,,,,https://handlaprivatkund.ica.se/stores/1004181/products/kebabrullebr%C3%B6d-6-p-510g-schysst-k%C3%A4k/2091923
Knäckebröd Falu Råg-Rut Chia & Havssalt 235g Wasa,"31,90 kr","0.235kg 135,74 kr/kg",343 kcal,1444 kJ,3 g,0.4 g,59 g,1 g,10 g,1.2 g,20 g,,,,,,,,,,,,,,,,https://handlaprivatkund.ica.se/stores/1004181/products/kn%C3%A4ckebr%C3%B6d-falu-r%C3%A5g-rut-chia-havssalt-235g-wasa/2053313
Havrekakor Sockerfri 160g Gille,"30,90 kr","0.16kg 193,13 kr/kg",467 kcal,2024 kJ,32.8 g,15.6 g,50 g,0.2 g,4.7 g,1.12 g,7.9 g,,,,,,,,,,,,,,,,https://handlaprivatkund.ica.se/stores/1004181/products/havrekakor-sockerfri-160g-gille/1342350
Fullkornsskorpor 350g ICA Gott Liv,"36,90 kr","0.35kg 105,43 kr/kg",380 kcal,1600 kJ,7 g,1 g,64 g,0.8 g,13 g,1.1 g,9 g,,,,,,,,,,,,,,,,https://handlaprivatkund.ica.se/stores/1004181/products/fullkornsskorpor-350g-ica-gott-liv/1385047
Knäckebröd Frukost 480g Wasa,"36,90 kr","0.48kg 76,87 kr/kg",405 kcal,1707 kJ,9 g,1 g,66 g,3.5 g,12 g,1.1 g,6 g,,,,,,,,,,,,,,,,https://handlaprivatkund.ica.se/stores/1004181/products/kn%C3%A4ckebr%C3%B6d-frukost-480g-wasa/1003014
Pizzabotten 2-p 360g 360g ICA,"43,90 kr","0.36kg 121,94 kr/kg",300 kcal,1250 kJ,6.6 g,1 g,49 g,2 g,9.5 g,1.2 g,2.8 g,,,,,,,,,,,,,,,,https://handlaprivatkund.ica.se/stores/1004181/products/pizzabotten-2-p-360g-360g-ica/2022199
Tårtbotten Klassisk 24cm 3-delad 330g ICA,"36,90 kr","0.33kg 111,82 kr/kg",300 kcal,1273 kJ,2.8 g,1.2 g,62 g,32 g,5.3 g,1.2 g,,,,,,,,,,,,,,,,,https://handlaprivatkund.ica.se/stores/1004181/products/t%C3%A5rtbotten-klassisk-24cm-3-delad-330g-ica/1384791
Ciabatta Glutenfri 200g Schär,"55,00 kr","0.2kg 275,00 kr/kg",230 kcal,969 kJ,3.3 g,0.6 g,42 g,3.9 g,4.6 g,1.2 g,6.8 g,,,,,,,,,,,,,,,,https://handlaprivatkund.ica.se/stores/1004181/products/ciabatta-glutenfri-200g-sch%C3%A4r/1334741
Surdegsbröd Vete Norrlands Leväjn 440g Polarbröd,"42,90 kr","0.44kg 97,50 kr/kg",260 kcal,1050 kJ,2.7 g,0.4 g,47 g,4.1 g,8.4 g,1.3 g,2.4 g,,,,,,,,,,,,,,,,https://handlaprivatkund.ica.se/stores/1004181/products/surdegsbr%C3%B6d-vete-norrlands-lev%C3%A4jn-440g-polarbr%C3%B6d/2151046
Krutonger Naturella 120g Zeta,"36,90 kr","0.12kg 307,50 kr/kg",440 kcal,1854 kJ,13 g,2 g,68 g,3.6 g,11 g,1.7 g,,,,,,,,,,,,,,,,,https://handlaprivatkund.ica.se/stores/1004181/products/krutonger-naturella-120g-zeta/1008412
Kakor Chocolate Chip 270g Wasa,"32,90 kr","0.27kg 121,85 kr/kg",454 kcal,1903 kJ,18.3 g,3.2 g,56.3 g,15.2 g,11 g,0.6 g,10.2 g,,,,,,,,,,,,,,,,https://handlaprivatkund.ica.se/stores/1004181/products/kakor-chocolate-chip-270g-wasa/2075515
Crackers Fröknäcke Havssalt 120g ICA,"39,90 kr","0.12kg 332,50 kr/kg",,,,,,,,,,,,,,,,,,,,,,,,,https://handlaprivatkund.ica.se/stores/1004181/products/crackers-fr%C3%B6kn%C3%A4cke-havssalt-120g-ica/2051842
Digestive 400g ICA,"17,90 kr","0.4kg 44,75 kr/kg",479 kcal,2008 kJ,20 g,1.8 g,66 g,19 g,6.3 g,1.2 g,3 g,,,,,,,,,,,,,,,,https://handlaprivatkund.ica.se/stores/1004181/products/digestive-400g-ica/1026236
Kakor Mjölkchoklad 205g Ballerina,"27,90 kr","0.205kg 136,10 kr/kg",494 kcal,2070 kJ,24 g,18 g,63 g,33 g,6.1 g,0.6 g,2.5 g,,,,,,,,,,,,,,,,https://handlaprivatkund.ica.se/stores/1004181/products/kakor-mj%C3%B6lkchoklad-205g-ballerina/2053297
Knäckebröd Runda Sesam & Havssalt 290g Wasa,"33,90 kr","0.29kg 116,90 kr/kg",409 kcal,1721 kJ,11 g,1.2 g,62 g,2 g,12 g,1.2 g,7 g,,,,,,,,,,,,,,,,https://handlaprivatkund.ica.se/stores/1004181/products/kn%C3%A4ckebr%C3%B6d-runda-sesam-havssalt-290g-wasa/1465357
Croissant 55g Dafgård,"14,90 kr","0.055kg 270,91 kr/kg",340 kcal,1426 kJ,16 g,9.7 g,42 g,6.2 g,6.8 g,1.1 g,1.5 g,,,,,,,,,,,,,,,,https://handlaprivatkund.ica.se/stores/1004181/products/croissant-55g-dafg%C3%A5rd/2129202
Drömrulltårta 370g ICA,"38,90 kr","0.37kg 105,14 kr/kg",440 kcal,1800 kJ,28 g,13 g,42 g,29 g,3.3 g,0.5 g,,,,,,,,,,,,,,,,,https://handlaprivatkund.ica.se/stores/1004181/products/dr%C3%B6mrullt%C3%A5rta-370g-ica/1361683
Maple Pecan 85g Schulstad Bakery Solutions,"14,90 kr","0.085kg 175,29 kr/kg",400 kcal,1668 kJ,25 g,9.2 g,38 g,16 g,5.1 g,0.28 g,1.6 g,,,,,,,,,,,,,,,,https://handlaprivatkund.ica.se/stores/1004181/products/maple-pecan-85g-schulstad-bakery-solutions/1377521
Crostini Vitlök & persilja 120g Zeta,"35,90 kr","0.12kg 299,17 kr/kg",451 kcal,1894 kJ,16 g,2.5 g,65 g,3.5 g,11 g,2.2 g,,,,,,,,,,,,,,,,,https://handlaprivatkund.ica.se/stores/1004181/products/crostini-vitl%C3%B6k-persilja-120g-zeta/1008310
Blåbärspaj Fryst 400g Frödinge,"43,90 kr","0.4kg 109,75 kr/kg",275 kcal,1150 kJ,10 g,5.5 g,43 g,20 g,3.5 g,0.3 g,,,,,,,,,,,,,,,,,https://handlaprivatkund.ica.se/stores/1004181/products/bl%C3%A5b%C3%A4rspaj-fryst-400g-fr%C3%B6dinge/1388407
Digestive Fullkorn 400g ICA,"17,90 kr","0.4kg 44,75 kr/kg",459 kcal,1925 kJ,18 g,1.6 g,65 g,19 g,7 g,1.2 g,5.8 g,,,,,,,,,,,,,,,,https://handlaprivatkund.ica.se/stores/1004181/products/digestive-fullkorn-400g-ica/2091246
Riskakor med smak av Gräddfil & lök 125g Friggs,"28,90 kr","0.125kg 231,20 kr/kg",440 kcal,1850 kJ,15 g,1.8 g,66 g,3.2 g,8.2 g,1.3 g,3.3 g,,,,,,,,,,,,,,,,https://handlaprivatkund.ica.se/stores/1004181/products/riskakor-med-smak-av-gr%C3%A4ddfil-l%C3%B6k-125g-friggs/1007927
Smörgåsrån Vet. Göteborgs,"20,90 kr","0.17kg 122,94 kr/kg",408 kcal,1726 kJ,4.6 g,2.5 g,80 g,0.9 g,10 g,0.9 g,3.2 g,,,,,,,,,,,,,,,,https://handlaprivatkund.ica.se/stores/1004181/products/sm%C3%B6rg%C3%A5sr%C3%A5n-vet-g%C3%B6teborgs/1004722
Skogaholmslimpa skivad 775g Skogaholms,"37,90 kr","0.775kg 48,90 kr/kg",280 kcal,1150 kJ,3.8 g,0.5 g,51 g,9.8 g,7.3 g,0.7 g,4.2 g,,,,,,,,,,,,,,,,https://handlaprivatkund.ica.se/stores/1004181/products/skogaholmslimpa-skivad-775g-skogaholms/1024401
Variant Smörgåskex 215g Göteborgs,"54,00 kr","0.215kg 251,16 kr/kg",430 kcal,1800 kJ,13 g,1.7 g,68 g,15 g,8.6 g,1.9 g,5 g,,,,,,,,,,,,,,,,https://handlaprivatkund.ica.se/stores/1004181/products/variant-sm%C3%B6rg%C3%A5skex-215g-g%C3%B6teborgs/1004961
Kanelbullar Fryst 12-p 420g Findus,"48,90 kr","0.42kg 116,43 kr/kg",368 kcal,1551 kJ,11 g,2 g,60 g,24 g,6 g,0.25 g,2.7 g,,,,,,,,,,,,,,,,https://handlaprivatkund.ica.se/stores/1004181/products/kanelbullar-fryst-12-p-420g-findus/2018357
Sandwich Chives 37g Wasa,"11,90 kr","0.037kg 321,62 kr/kg",451 kcal,1885 kJ,21 g,7.5 g,49.5 g,3 g,10 g,1.13 g,12 g,,,,,,,,,,,,,,,,https://handlaprivatkund.ica.se/stores/1004181/products/sandwich-chives-37g-wasa/1335436
Mini rut Normalgräddat 200g Leksands Knäckebröd,"20,90 kr","0.2kg 104,50 kr/kg",350 kcal,1400 kJ,1.6 g,0.3 g,60 g,0.5 g,8.9 g,1.2 g,20 g,,,,,,,,,,,,,,,,https://handlaprivatkund.ica.se/stores/1004181/products/mini-rut-normalgr%C3%A4ddat-200g-leksands-kn%C3%A4ckebr%C3%B6d/1008093
LantGoda Surdegsbröd 650g Pågen,"46,90 kr","0.65kg 72,15 kr/kg",251 kcal,1061 kJ,3.1 g,0.5 g,43 g,4.1 g,10 g,1 g,5 g,,,,,,,,,,,,,,,,https://handlaprivatkund.ica.se/stores/1004181/products/lantgoda-surdegsbr%C3%B6d-650g-p%C3%A5gen/2016069
Rosmarinknäcke med Salt Glutenfri 230g Semper,"40,90 kr","0.23kg 177,83 kr/kg",374 kcal,1580 kJ,3.5 g,0.5 g,78 g,5 g,4.5 g,2.3 g,6 g,0.22 mg,40 µg,2.4 mg,22.5 µg,4 mg,0.23 mg,,,,,,,,,,https://handlaprivatkund.ica.se/stores/1004181/products/rosmarinkn%C3%A4cke-med-salt-glutenfri-230g-semper/1433260
Oat & carrot rolls Glutenfri Fryst 400g Elovena,"44,90 kr","0.4kg 112,25 kr/kg",237 kcal,991 kJ,7.4 g,0.9 g,35 g,3.6 g,4.3 g,1.1 g,6.6 g,,,,,,,,,,,,,,,,https://handlaprivatkund.ica.se/stores/1004181/products/oat-carrot-rolls-glutenfri-fryst-400g-elovena/1413263
Delicatoboll utan tillsatt socker 6-p 240g Delicato,"33,90 kr","0.24kg 141,25 kr/kg",440 kcal,1850 kJ,31 g,17 g,46 g,0.8 g,4.8 g,0.5 g,,,,,,,,,,,,,,,,,https://handlaprivatkund.ica.se/stores/1004181/products/delicatoboll-utan-tillsatt-socker-6-p-240g-delicato/1526750
Knäckebröd Din Stund Mini Chia & Havssalt 270g Wasa,"44,90 kr","0.27kg 166,30 kr/kg",346 kcal,1454 kJ,3.6 g,0.5 g,57.3 g,0.2 g,10.5 g,1.25 g,21 g,,,,,,,,,,,,,,,,https://handlaprivatkund.ica.se/stores/1004181/products/kn%C3%A4ckebr%C3%B6d-din-stund-mini-chia-havssalt-270g-wasa/2080288
Digestive doppade i mjölkchoklad 300g ICA,"27,90 kr","0.3kg 93,00 kr/kg",498 kcal,2085 kJ,24 g,13 g,63 g,28 g,6.3 g,0.62 g,,,,,,,,,,,,,,,,,https://handlaprivatkund.ica.se/stores/1004181/products/digestive-doppade-i-mj%C3%B6lkchoklad-300g-ica/2091069
Knäckebröd Naturell glutenfri 240g Wasa,"36,90 kr","0.24kg 153,75 kr/kg",395 kcal,1663 kJ,8 g,1.2 g,72.8 g,3.1 g,4 g,1.1 g,7.7 g,,,,,,,,,,,,,,,,https://handlaprivatkund.ica.se/stores/1004181/products/kn%C3%A4ckebr%C3%B6d-naturell-glutenfri-240g-wasa/2005899
Knäckebröd Havre 300g Wasa,"33,90 kr","0.3kg 113,00 kr/kg",366 kcal,1546 kJ,5 g,1 g,64 g,0.5 g,12 g,1.2 g,10 g,,,,,3.3 mg,,,,90 mg,2.5 mg,,,,,,https://handlaprivatkund.ica.se/stores/1004181/products/kn%C3%A4ckebr%C3%B6d-havre-300g-wasa/2107005
Pepparkakor Orginal Glutenfri 150g Semper,"28,90 kr","0.15kg 192,67 kr/kg",475 kcal,1995 kJ,18 g,14 g,73 g,18 g,4.3 g,1.1 g,,,,,,,,,,,,,,,,,https://handlaprivatkund.ica.se/stores/1004181/products/pepparkakor-orginal-glutenfri-150g-semper/1005678
Kakor Chocolate & Hazelnut 136g Maryland,"19,90 kr","0.136kg 146,32 kr/kg",507 kcal,2123 kJ,25.2 g,11.8 g,62.9 g,33.5 g,5.7 g,0.57 g,3 g,,,,,,,,,,,,,,,,https://handlaprivatkund.ica.se/stores/1004181/products/kakor-chocolate-hazelnut-136g-maryland/2039480
Spritsade kakor 400g ICA Basic,"25,90 kr","0.4kg 64,75 kr/kg",550 kcal,2250 kJ,31 g,16 g,58 g,22 g,5 g,0.6 g,1.7 g,,,,,,,,,,,,,,,,https://handlaprivatkund.ica.se/stores/1004181/products/spritsade-kakor-400g-ica-basic/1418222
Syltkakor 300g ICA,"27,90 kr","0.3kg 93,00 kr/kg",511 kcal,2134 kJ,29 g,13 g,57 g,22 g,5.4 g,0.48 g,,,,,,,,,,,,,,,,,https://handlaprivatkund.ica.se/stores/1004181/products/syltkakor-300g-ica/2022175
Maamoul Tamer 70g Liba Bröd,"11,90 kr","0.07kg 170,00 kr/kg",370 kcal,1550 kJ,12 g,4 g,59 g,38 g,4.3 g,0.2 g,3.7 g,,,,,,,,,,,,,,,,https://handlaprivatkund.ica.se/stores/1004181/products/maamoul-tamer-70g-liba-br%C3%B6d/2128029
Schwarzwaldtårta Fryst 400g Frödinge,"83,00 kr","0.4kg 207,50 kr/kg",364 kcal,1525 kJ,24 g,15 g,35 g,34 g,2.3 g,0.14 g,,,,,,,,,,,,,,,,,https://handlaprivatkund.ica.se/stores/1004181/products/schwarzwaldt%C3%A5rta-fryst-400g-fr%C3%B6dinge/1006412
Vetekaka 900g ICA,"38,90 kr","0.9kg 43,22 kr/kg",287 kcal,1213 kJ,6.3 g,0.8 g,48 g,6.3 g,8.3 g,0.6 g,2.8 g,,,,,,,,,,,,,,,,https://handlaprivatkund.ica.se/stores/1004181/products/vetekaka-900g-ica/2106322
Lantknäcke Glutenfri 230g Semper,"37,90 kr","0.23kg 164,78 kr/kg",346 kcal,1484 kJ,0.5 g,0.2 g,77 g,4 g,3.3 g,1.2 g,10 g,0.22 mg,40 µg,2.4 mg,22.5 µg,5.8 mg,0.23 mg,,,,,,,,,,https://handlaprivatkund.ica.se/stores/1004181/products/lantkn%C3%A4cke-glutenfri-230g-semper/1335443
Kakor Dark Chocolate 230g Wasa,"32,90 kr","0.23kg 143,04 kr/kg",457 kcal,1913 kJ,19 g,3.6 g,59 g,29 g,9 g,0.32 g,9 g,,,,,,,,,,,,,,,,https://handlaprivatkund.ica.se/stores/1004181/products/kakor-dark-chocolate-230g-wasa/2085252
Cookies choklad 150g ICA,"25,90 kr","0.15kg 172,67 kr/kg",497 kcal,2077 kJ,25 g,14 g,60 g,36 g,5.4 g,0.67 g,3.7 g,,,,,,,,,,,,,,,,https://handlaprivatkund.ica.se/stores/1004181/products/cookies-choklad-150g-ica/2101087
Liten Sirapslimpa 600g ICA Selection,"32,90 kr","0.6kg 54,83 kr/kg",249 kcal,1053 kJ,2.4 g,1 g,48 g,10 g,7 g,0.92 g,3.7 g,,,,,,,,,,,,,,,,https://handlaprivatkund.ica.se/stores/1004181/products/liten-sirapslimpa-600g-ica-selection/2116319
Pärlboll 58g Delicato,"9,90 kr","0.058kg 170,69 kr/kg",480 kcal,2000 kJ,27 g,14 g,54 g,38 g,5 g,0.4 g,,,,,,,,,,,,,,,,,https://handlaprivatkund.ica.se/stores/1004181/products/p%C3%A4rlboll-58g-delicato/1023898
Superbröd Tranbär 350g Da Carla,"44,90 kr","0.35kg 128,29 kr/kg",356 kcal,1474 kJ,25.8 g,2.5 g,16.5 g,2.4 g,8.8 g,0.88 g,11.2 g,,,,,,,,,,,,,,,,https://handlaprivatkund.ica.se/stores/1004181/products/superbr%C3%B6d-tranb%C3%A4r-350g-da-carla/2100610
Havredigestive Glutenfri 150g Semper,"29,90 kr","0.15kg 199,33 kr/kg",479 kcal,2008 kJ,20 g,15 g,68 g,11 g,5.1 g,1.5 g,,,,,,,,,,,,,,,,,https://handlaprivatkund.ica.se/stores/1004181/products/havredigestive-glutenfri-150g-semper/1330637
Cookies Nougat 175g ICA,"25,90 kr","0.175kg 148,00 kr/kg",520 kcal,2150 kJ,27 g,12 g,60 g,40 g,5.7 g,0.6 g,,,,,,,,,,,,,,,,,https://handlaprivatkund.ica.se/stores/1004181/products/cookies-nougat-175g-ica/2038500
Bröd Havre God 550g Hatting,"38,90 kr","0.55kg 70,73 kr/kg",242 kcal,1022 kJ,3.5 g,0.6 g,37 g,2.6 g,13 g,1.1 g,6 g,,,,,,,,,,,,,,,,https://handlaprivatkund.ica.se/stores/1004181/products/br%C3%B6d-havre-god-550g-hatting/2016179
Wafers med kolasmak 240g ICA Basic,"37,90 kr","0.24kg 157,92 kr/kg",535 kcal,2231 kJ,32 g,24 g,55 g,41 g,5.5 g,0.15 g,,,,,,,,,,,,,,,,,https://handlaprivatkund.ica.se/stores/1004181/products/wafers-med-kolasmak-240g-ica-basic/2116318
Maränger 120g ICA,"28,90 kr","0.12kg 240,83 kr/kg",,,,,,,,,,,,,,,,,,,,,,,,,https://handlaprivatkund.ica.se/stores/1004181/products/mar%C3%A4nger-120g-ica/1346026
Veteskorpor 400g ICA,"41,90 kr","0.4kg 104,75 kr/kg",410 kcal,1700 kJ,9.2 g,1.3 g,69 g,11 g,11 g,1 g,4.5 g,,,,,,,,,,,,,,,,https://handlaprivatkund.ica.se/stores/1004181/products/veteskorpor-400g-ica/1401217
Gifflar Kanel 300g Pågen,"33,90 kr","0.3kg 113,00 kr/kg",373 kcal,1559 kJ,14 g,2.5 g,52 g,19 g,7.3 g,0.76 g,,,,,,,,,,,,,,,,,https://handlaprivatkund.ica.se/stores/1004181/products/gifflar-kanel-300g-p%C3%A5gen/2058168
Kakor Double Chocolate 136g Maryland,"19,90 kr","0.136kg 146,32 kr/kg",487 kcal,2044 kJ,22.9 g,11.6 g,62.9 g,34.2 g,5.6 g,0.41 g,3.3 g,,,,,,,,,,,,,,,,https://handlaprivatkund.ica.se/stores/1004181/products/kakor-double-chocolate-136g-maryland/2041002
Ciabatta 2-p 150g ICA,"20,90 kr","0.15kg 139,33 kr/kg",,,,,,,,,,,,,,,,,,,,,,,,,https://handlaprivatkund.ica.se/stores/1004181/products/ciabatta-2-p-150g-ica/1531046
Söta kex fyllda kakor Browniesmak 205g Ballerina,"27,90 kr","0.205kg 136,10 kr/kg",499 kcal,2086 kJ,25 g,15 g,61 g,32 g,6 g,0.63 g,4 g,,,,,,,,,,,,,,,,https://handlaprivatkund.ica.se/stores/1004181/products/s%C3%B6ta-kex-fyllda-kakor-browniesmak-205g-ballerina/2168435
Sandwich Pesto 2-p Wasa,"11,90 kr","0.037kg 321,62 kr/kg",458 kcal,1915 kJ,21 g,7 g,54 g,1.8 g,7.8 g,1.4 g,10 g,,,,,,,,,,,,,,,,https://handlaprivatkund.ica.se/stores/1004181/products/sandwich-pesto-2-p-wasa/2117814
Kex Rye snack Sour creme & onion 150g Finn crisp,"32,90 kr","0.15kg 219,33 kr/kg",399 kcal,1668 kJ,11 g,1.1 g,57 g,2.3 g,9.2 g,1.4 g,17 g,,,,,,,,,,,,,,,,https://handlaprivatkund.ica.se/stores/1004181/products/kex-rye-snack-sour-creme-onion-150g-finn-crisp/2045028
Fröknäcke Ört & havssalt 220g Sigdal Bakeri,"46,90 kr","0.22kg 213,18 kr/kg",488 kcal,2032 kJ,26.6 g,3.4 g,37.1 g,1.7 g,18.2 g,1.8 g,13.5 g,,,,,,,,,,,,,,,,https://handlaprivatkund.ica.se/stores/1004181/products/fr%C3%B6kn%C3%A4cke-%C3%B6rt-havssalt-220g-sigdal-bakeri/1486063
Biskvi 6-p 150g Delicato,"36,90 kr","0.15kg 246,00 kr/kg",500 kcal,2000 kJ,31 g,18 g,49 g,37 g,4.4 g,0.1 g,,,,,,,,,,,,,,,,,https://handlaprivatkund.ica.se/stores/1004181/products/biskvi-6-p-150g-delicato/1416855
Majskakor Dill/Gräslök 125g Friggs,"27,90 kr","0.125kg 223,20 kr/kg",439 kcal,1849 kJ,13 g,1.1 g,73 g,2.1 g,6.4 g,1.4 g,1.8 g,,,,,,,,,,,,,,,,https://handlaprivatkund.ica.se/stores/1004181/products/majskakor-dill-gr%C3%A4sl%C3%B6k-125g-friggs/2150760
Croissant Cocoa King 87g Bonjour,"14,90 kr","0.087kg 171,26 kr/kg",372 kcal,1555 kJ,22 g,12 g,37 g,36 g,7.8 g,0.23 g,2.3 g,,,,,,,,,,,,,,,,https://handlaprivatkund.ica.se/stores/1004181/products/croissant-cocoa-king-87g-bonjour/2063095
Delicatoboll 6-p 240g Delicato,"30,90 kr","0.24kg 128,75 kr/kg",480 kcal,2000 kJ,30 g,18 g,49 g,30 g,5 g,0.4 g,,,,,,,,,,,,,,,,,https://handlaprivatkund.ica.se/stores/1004181/products/delicatoboll-6-p-240g-delicato/1024428
Hamburgerbröd Frisco 4-p 324g Korvbrödsbagarn,"31,90 kr","0.324kg 98,46 kr/kg",290 kcal,1223 kJ,5 g,0.9 g,49 g,4.9 g,11 g,1.53 g,2 g,,,,,,,,,,,,,,,,https://handlaprivatkund.ica.se/stores/1004181/products/hamburgerbr%C3%B6d-frisco-4-p-324g-korvbr%C3%B6dsbagarn/1344397
Vaniljmunk 63g Familjen Dafgård,"14,90 kr","0.063kg 236,51 kr/kg",313 kcal,1302 kJ,15.5 g,6.3 g,36.8 g,13.3 g,5.6 g,0.7 g,1.3 g,,,,,,,2.6 g,6.6 g,,,,,,,,https://handlaprivatkund.ica.se/stores/1004181/products/vaniljmunk-63g-familjen-dafg%C3%A5rd/2140863
Hönö Jollekaka 400g Pågen,"33,90 kr","0.4kg 84,75 kr/kg",296 kcal,1238 kJ,4.5 g,0.5 g,52 g,9.7 g,9.1 g,0.75 g,3.3 g,,,,,,,,,,,,,,,,https://handlaprivatkund.ica.se/stores/1004181/products/h%C3%B6n%C3%B6-jollekaka-400g-p%C3%A5gen/2075665
Pepparkakor original 150g Nyåkers,"17,90 kr","0.15kg 119,33 kr/kg",460 kcal,1960 kJ,16 g,6.9 g,76 g,34 g,4.6 g,,,,,,,,,,,,,,2.1 g,,,,https://handlaprivatkund.ica.se/stores/1004181/products/pepparkakor-original-150g-ny%C3%A5kers/2100590
Naan bröd Original 260g Santa Maria,"40,90 kr","0.26kg 157,31 kr/kg",268 kcal,1134 kJ,4 g,0.5 g,48 g,2.1 g,8 g,0.57 g,3.8 g,,,,,,,,,,,,,,,,https://handlaprivatkund.ica.se/stores/1004181/products/naan-br%C3%B6d-original-260g-santa-maria/2139180
Snack rån med nötkräm och choklad 105 g Schär,"37,90 kr","0.105kg 360,95 kr/kg",,,,,,,,,,,,,,,,,,,,,,,,,https://handlaprivatkund.ica.se/stores/1004181/products/snack-r%C3%A5n-med-n%C3%B6tkr%C3%A4m-och-choklad-105-g-sch%C3%A4r/1384809
Välkryddade Pepparkakor 300g Kung Oscar,"37,90 kr","0.3kg 126,33 kr/kg",458 kcal,1924 kJ,16 g,1.6 g,72 g,35 g,5.4 g,1.2 g,1.3 g,,,,,,,,,,,,,,,,https://handlaprivatkund.ica.se/stores/1004181/products/v%C3%A4lkryddade-pepparkakor-300g-kung-oscar/2100613
Baguette Vete 400g Bonjour,"16,90 kr","0.4kg 42,25 kr/kg",240 kcal,1028 kJ,1.2 g,0.3 g,47 g,0.3 g,8.7 g,1.1 g,3.7 g,,,,,,,,,,,,,,,,https://handlaprivatkund.ica.se/stores/1004181/products/baguette-vete-400g-bonjour/2032443
Grötbröd 780g Pågen,"47,90 kr","0.78kg 61,41 kr/kg",266 kcal,1114 kJ,4.7 g,0.6 g,42 g,4.9 g,11 g,1 g,5 g,,,,,,,,,,,,,,,,https://handlaprivatkund.ica.se/stores/1004181/products/gr%C3%B6tbr%C3%B6d-780g-p%C3%A5gen/2044679
Chokladmuffins 100g Dan Cake,"14,90 kr","0.1kg 149,00 kr/kg",390 kcal,1632 kJ,20 g,2.8 g,48 g,26 g,4.8 g,1 g,,,,,,,,,,,,,,,,,https://handlaprivatkund.ica.se/stores/1004181/products/chokladmuffins-100g-dan-cake/2141927
Färskt Bröd Mehrkorn 300g Schär,"53,00 kr","0.3kg 176,67 kr/kg",249 kcal,1044 kJ,6.6 g,0.8 g,38 g,4.1 g,4.5 g,0.97 g,9.9 g,,,,,,,,,,,,,,,,https://handlaprivatkund.ica.se/stores/1004181/products/f%C3%A4rskt-br%C3%B6d-mehrkorn-300g-sch%C3%A4r/1489079
Ungerskt bröd 420g Bonjour,"39,90 kr","0.45kg 88,67 kr/kg",240 kcal,1003 kJ,0.9 g,0.1 g,49 g,0.4 g,6.6 g,1.4 g,3.9 g,,,,,,,,,,,,,,,,https://handlaprivatkund.ica.se/stores/1004181/products/ungerskt-br%C3%B6d-420g-bonjour/1428614
Knäckebröd Frukost 240g Wasa,"25,90 kr","0.24kg 107,92 kr/kg",405 kcal,1707 kJ,9 g,1 g,66 g,3.5 g,12 g,1.1 g,6 g,,,,,,,,,,,,,,,,https://handlaprivatkund.ica.se/stores/1004181/products/kn%C3%A4ckebr%C3%B6d-frukost-240g-wasa/1001954
Churros 300 g Aviko,"36,90 kr","0.3kg 123,00 kr/kg",331 kcal,1383 kJ,18 g,2.1 g,36 g,5.2 g,4.9 g,0.93 g,2.7 g,,,,,,,,,,,,,,,,https://handlaprivatkund.ica.se/stores/1004181/products/churros-300-g-aviko/2115491
Mandeltårta Glutenfri Fryst 400g Almondy,"75,00 kr","0.4kg 187,50 kr/kg",,,,,,,,,,,,,,,,,,,,,,,,,https://handlaprivatkund.ica.se/stores/1004181/products/mandelt%C3%A5rta-glutenfri-fryst-400g-almondy/1345327
Pinsabotten Glutenfri 180g Zeta,"61,00 kr","0.18kg 338,89 kr/kg",220 kcal,979 kJ,6.3 g,0.7 g,40 g,2 g,2.2 g,1.8 g,3.7 g,,,,,,,,,,,,0.72 g,,,,https://handlaprivatkund.ica.se/stores/1004181/products/pinsabotten-glutenfri-180g-zeta/2154355
Linfröknäcke från Dalarna Glutenfri 230g Semper,"40,90 kr","0.23kg 177,83 kr/kg",360 kcal,1523 kJ,3 g,0.2 g,76 g,4 g,3.3 g,1.3 g,8 g,0.22 mg,40 µg,2.4 mg,22.5 µg,5 mg,0.23 mg,,,,,,,,,,https://handlaprivatkund.ica.se/stores/1004181/products/linfr%C3%B6kn%C3%A4cke-fr%C3%A5n-dalarna-glutenfri-230g-semper/1423172
Cheesecake Naturell Fryst 400g ICA,"80,00 kr","0.4kg 200,00 kr/kg",330 kcal,1350 kJ,19 g,8.8 g,33 g,21 g,5.1 g,,0.4 g,,,,,,,,,,,,,,,,https://handlaprivatkund.ica.se/stores/1004181/products/cheesecake-naturell-fryst-400g-ica/1470892
Sandwich Pizza 37g Wasa,"11,90 kr","0.037kg 321,62 kr/kg",451 kcal,1885 kJ,21 g,7.3 g,47.2 g,4 g,11.6 g,1.13 g,13.5 g,,,,,,,,,,,,,,,,https://handlaprivatkund.ica.se/stores/1004181/products/sandwich-pizza-37g-wasa/2085185
Baguetter 2-p 300g ICA,"20,90 kr","0.3kg 69,67 kr/kg",251 kcal,1064 kJ,0.9 g,0.5 g,51 g,1 g,8.3 g,1.2 g,2.2 g,,,,,,,,,,,,,,,,https://handlaprivatkund.ica.se/stores/1004181/products/baguetter-2-p-300g-ica/2084605
Cookies Ljus & mörk choklad Glutenfri 150g ICA,"43,90 kr","0.15kg 292,67 kr/kg",,,,,,,,,,,,,,,,,,,,,,,,,https://handlaprivatkund.ica.se/stores/1004181/products/cookies-ljus-m%C3%B6rk-choklad-glutenfri-150g-ica/2046545
Miniwafers med choklad 250g ICA,"29,90 kr","0.25kg 119,60 kr/kg",,,,,,,,,,,,,,,,,,,,,,,,,https://handlaprivatkund.ica.se/stores/1004181/products/miniwafers-med-choklad-250g-ica/1526787
Digestive 160g Semper,"29,90 kr","0.16kg 186,88 kr/kg",474 kcal,1992 kJ,18 g,14 g,74 g,12 g,3.3 g,1.5 g,,,,,,,,,,,,,,,,,https://handlaprivatkund.ica.se/stores/1004181/products/digestive-160g-semper/2120720
Kaka Chokladsnitt 300g ICA,"27,90 kr","0.3kg 93,00 kr/kg",532 kcal,2224 kJ,29 g,13 g,63 g,32 g,5.2 g,0.4 g,,,,,,,,,,,,,,,,,https://handlaprivatkund.ica.se/stores/1004181/products/kaka-chokladsnitt-300g-ica/2022177
Rågkusar 6-p 338g Fazer,"42,90 kr","0.338kg 126,92 kr/kg",240 kcal,1000 kJ,2 g,0.5 g,44 g,1.2 g,7.1 g,1.2 g,11 g,,,,,,,,,,,,,,,,https://handlaprivatkund.ica.se/stores/1004181/products/r%C3%A5gkusar-6-p-338g-fazer/1465167
Italiensk Lantbröd Osötat 650g Pågen,"46,90 kr","0.65kg 72,15 kr/kg",266 kcal,1125 kJ,2.7 g,0.5 g,48 g,2.7 g,11 g,1.2 g,4.2 g,,,,,,,,,,,,,,,,https://handlaprivatkund.ica.se/stores/1004181/products/italiensk-lantbr%C3%B6d-os%C3%B6tat-650g-p%C3%A5gen/2063074
Knäckebröd Delikatess 270g Wasa,"26,90 kr","0.27kg 99,63 kr/kg",330 kcal,1400 kJ,1.5 g,0.3 g,60 g,2 g,9 g,1 g,22 g,,,,,,,,,,,,,,,,https://handlaprivatkund.ica.se/stores/1004181/products/kn%C3%A4ckebr%C3%B6d-delikatess-270g-wasa/1245087
Släta bullar 4-p 240g Hans och greta,"44,90 kr","0.24kg 187,08 kr/kg",,,,,,,,,,,,,,,,,,,,,,,,,https://handlaprivatkund.ica.se/stores/1004181/products/sl%C3%A4ta-bullar-4-p-240g-hans-och-greta/1500796
Hamburgerbröd Brioche Gourmet 4-p 320g Pågen,"41,90 kr","0.32kg 130,94 kr/kg",295 kcal,1233 kJ,6.5 g,0.8 g,48 g,8.9 g,8.8 g,0.89 g,2.7 g,,,,,,,,,,,,,,,,https://handlaprivatkund.ica.se/stores/1004181/products/hamburgerbr%C3%B6d-brioche-gourmet-4-p-320g-p%C3%A5gen/1531085
Knäckebröd Sesam 250g Ryvita,"30,90 kr","0.25kg 123,60 kr/kg",357 kcal,1497 kJ,6.9 g,1.1 g,48 g,3.2 g,13 g,0.68 g,25 g,,,,,4.2 mg,,,,153 mg,3.3 mg,,,,,,https://handlaprivatkund.ica.se/stores/1004181/products/kn%C3%A4ckebr%C3%B6d-sesam-250g-ryvita/1002302
Toastbröd 500g ICA,"25,90 kr","0.5kg 51,80 kr/kg",258 kcal,1092 kJ,1.9 g,0.5 g,50 g,2.5 g,8.8 g,1.1 g,2.4 g,,,,,,,,,,,,,,,,https://handlaprivatkund.ica.se/stores/1004181/products/toastbr%C3%B6d-500g-ica/2057523
Skanörgrova 550 g Pågen,"40,90 kr","0.55kg 74,36 kr/kg",308 kcal,1294 kJ,7.8 g,0.9 g,48 g,9.1 g,10 g,1.4 g,6 g,,,,,,,,,,,,,,,,https://handlaprivatkund.ica.se/stores/1004181/products/skan%C3%B6rgrova-550-g-p%C3%A5gen/2128401
Ostfralla 70 g Bonjour,"12,90 kr","0.07kg 184,29 kr/kg",287 kcal,1215 kJ,4.2 g,2.2 g,50 g,1.8 g,11 g,1.7 g,2.3 g,,,,,,,,,,,,,,,,https://handlaprivatkund.ica.se/stores/1004181/products/ostfralla-70-g-bonjour/2128471
Donut Choklad 55 g Dafgård,"14,90 kr","0.055kg 270,91 kr/kg",355 kcal,1495 kJ,18 g,11.3 g,41.6 g,13.3 g,6.7 g,0.9 g,1.5 g,,,,,,,1.8 g,4.9 g,,,,,,,,https://handlaprivatkund.ica.se/stores/1004181/products/donut-choklad-55-g-dafg%C3%A5rd/2140856
Chokladbollar 6-p 240g ICA,"15,00 kr","0.24kg 62,50 kr/kg",481 kcal,2006 kJ,27 g,13 g,51 g,31 g,5.7 g,0.43 g,5 g,,,,,,,,,,,,,,,,https://handlaprivatkund.ica.se/stores/1004181/products/chokladbollar-6-p-240g-ica/1407206
Småbröd med topping 6-p 300g ICA,"32,90 kr","0.3kg 109,67 kr/kg",300 kcal,1250 kJ,2.6 g,0.5 g,54 g,4.9 g,12 g,1 g,3.8 g,,,,,,,,,,,,,,,,https://handlaprivatkund.ica.se/stores/1004181/products/sm%C3%A5br%C3%B6d-med-topping-6-p-300g-ica/1531041
