Name,Price,Size,Energi (kcal),Energi (kJ),Fett,Varav mättat fett,Kolhydrat,Varav sockerarter,Protein,Salt,Vitamin B12,Vitamin D,Kalcium,Varav fleromättat fett,Varav enkelomättat fett,Vitamin A,Fiber,Vitamin C,Riboflavin,Jod,Pantotensyra,Kalium,Klorid,Fosfor,Molybden,Vitamin K,Natrium,Vitamin E,Magnesium,Selen,Zink,Folsyra,Järn,Vitamin B6,Niacin,Biotin,Tiamin,Varav polyoler,url
"Vaniljyoghurt Sommarbär 2,1% 1000g Valio","36,90 kr","1kg 36,90 kr/kg",88 kcal,370 kJ,2.1 g,1.2 g,13 g,12 g,3.6 g,0.1 g,0.4 µg,1 µg,120 mg,,,,,,,,,,,,,,,,,,,,,,,,,,https://handlaprivatkund.ica.se/stores/1004181/products/vaniljyoghurt-sommarb%C3%A4r-2-1-1000g-valio/1023379
Proteinshake Jordgubb & Hallonsmak Laktosfri 500g Arla®,"28,90 kr","0.5L 57,80 kr/l",51 kcal,214 kJ,0.9 g,0.6 g,4.8 g,4.7 g,5.7 g,0.18 g,,,183 mg,,,,,,,,,,,,,,,,,,,,,,,,,,https://handlaprivatkund.ica.se/stores/1004181/products/proteinshake-jordgubb-hallonsmak-laktosfri-500g-arla/2129141
"Yoghurt Mini Blåbär 0,1% Laktosfri 1000g Yoggi®","37,90 kr","1kg 37,90 kr/kg",38 kcal,159 kJ,0.1 g,0.1 g,4.6 g,3.9 g,3.5 g,0.1 g,,0.88 µg,,,,,,,,,,,,,,,,,,,,,,,,,,,https://handlaprivatkund.ica.se/stores/1004181/products/yoghurt-mini-bl%C3%A5b%C3%A4r-0-1-laktosfri-1000g-yoggi/2053103
Västerbottensost® 450g 33%,"142,00 kr","0.45kg 315,56 kr/kg",390 kcal,1650 kJ,33 g,21 g,0 g,0 g,24 g,1.2 g,,,680 mg,,,,,,,,,,,,,,,,,,,,,,,,,,https://handlaprivatkund.ica.se/stores/1004181/products/v%C3%A4sterbottensost-450g-33/1266658
Grekisk Yoghurt 0% 500g Larsa foods,"33,90 kr","0.5kg 67,80 kr/kg",58 kcal,247 kJ,0 g,0 g,4.5 g,3.5 g,10 g,0.1 g,,,,,,,,,,,,,,,,,,,,,,,,,,,,,https://handlaprivatkund.ica.se/stores/1004181/products/grekisk-yoghurt-0-500g-larsa-foods/2023879
Mellanmål Jordgubb 165g Mannafrutti,"16,90 kr","0.165kg 102,42 kr/kg",138 kcal,578 kJ,7.2 g,4.9 g,16 g,13 g,2.8 g,0.1 g,,,,,,,,,,,,,,,,,,,,,,,,,,,,,https://handlaprivatkund.ica.se/stores/1004181/products/mellanm%C3%A5l-jordgubb-165g-mannafrutti/1023823
Smör Normalsaltat Svenskt 82% Ekologisk 250g Arla,"66,00 kr","0.25kg 264,00 kr/kg",740 kcal,3041 kJ,82 g,52 g,0.7 g,0.7 g,0.6 g,1.2 g,,,,1.9 g,20 g,724 µg,,,,,,,,,,,,,,,,,,,,,,,https://handlaprivatkund.ica.se/stores/1004181/products/sm%C3%B6r-normalsaltat-svenskt-82-ekologisk-250g-arla/1268171
Yoghurt Original Jordgubb & Smultron 2% 1000g Yoggi®,"36,90 kr","1kg 36,90 kr/kg",80 kcal,350 kJ,2.1 g,1.3 g,11 g,11 g,3.3 g,0.1 g,,0.93 µg,,,,,,,,,,,,,,,,,,,,,,,,,,,https://handlaprivatkund.ica.se/stores/1004181/products/yoghurt-original-jordgubb-smultron-2-1000g-yoggi/1201554
Fruktdryck Blåbär 1l Proviva,"42,90 kr","1L 42,90 kr/l",45 kcal,194 kJ,0.1 g,0 g,10.7 g,8.7 g,0.2 g,0.03 g,,,,,,,0.5 g,35 mg,,,,,,,,,,,,,,,,,,,,,https://handlaprivatkund.ica.se/stores/1004181/products/fruktdryck-bl%C3%A5b%C3%A4r-1l-proviva/2038974
Smör & Raps Normalsaltat Laktosfri 70% 250g Bregott®,"47,90 kr","0.25kg 191,60 kr/kg",633 kcal,2602 kJ,70 g,29 g,0.4 g,0.4 g,0.3 g,1.2 g,,20 µg,,9 g,27 g,950 µg,,,,,,,,,,,,,,,,,,,,,,,https://handlaprivatkund.ica.se/stores/1004181/products/sm%C3%B6r-raps-normalsaltat-laktosfri-70-250g-bregott/2128984
Parmigiano Reggiano 15 mån 200g ICA,"95,00 kr","0.2kg 475,00 kr/kg",392 kcal,1633 kJ,28 g,19 g,0 g,0 g,33 g,1.6 g,,,,,,,,,,,,,,,,,,,,,,,,,,,,,https://handlaprivatkund.ica.se/stores/1004181/products/parmigiano-reggiano-15-m%C3%A5n-200g-ica/1506734
Fetaost Ekologisk 150g ICA,"37,90 kr","0.15kg 252,67 kr/kg",290 kcal,1200 kJ,24 g,18 g,0.5 g,0 g,17 g,2.8 g,,,,,,,,,,,,,,,,,,,,,,,,,,,,,https://handlaprivatkund.ica.se/stores/1004181/products/fetaost-ekologisk-150g-ica/2023418
Granatäppeldryck Drickfärdig 1l Fontana,"30,90 kr","1L 30,90 kr/l",52 kcal,220 kJ,0.5 g,0 g,11.1 g,10.8 g,0.5 g,0.01 g,,,,,,,0.5 g,,,,,,,,,,,,,,,,,,,,,,https://handlaprivatkund.ica.se/stores/1004181/products/granat%C3%A4ppeldryck-drickf%C3%A4rdig-1l-fontana/1329358
Halloumi 200g ICA,"37,90 kr","0.2kg 189,50 kr/kg",,,,,,,,,,,,,,,,,,,,,,,,,,,,,,,,,,,,,https://handlaprivatkund.ica.se/stores/1004181/products/halloumi-200g-ica/1401911
Protein Coffee Latte 330ml Starbucks®,"32,90 kr","0.33L 99,70 kr/l",51 kcal,215 kJ,1.1 g,0.7 g,4.1 g,3.8 g,6.1 g,0.13 g,,,,,,,,,,,,,,,,,,,,,,,,,,,,,https://handlaprivatkund.ica.se/stores/1004181/products/protein-coffee-latte-330ml-starbucks/2151756
"Chokladmousse Dubbel choklad 4,4% 190g Grand Dessert","11,90 kr","0.19kg 62,63 kr/kg",119 kcal,499 kJ,4.4 g,2.9 g,17 g,14 g,2.8 g,0.1 g,,,,,,,,,,,,,,,,,,,,,,,,,,,,,https://handlaprivatkund.ica.se/stores/1004181/products/chokladmousse-dubbel-choklad-4-4-190g-grand-dessert/2011546
Bredbart Smör Gårdsgoda Normalsaltat 75% 500g Valio,"67,00 kr","0.5kg 134,00 kr/kg",667 kcal,2790 kJ,75 g,31 g,0.5 g,0.5 g,0.4 g,1.4 g,,20 µg,,,,,,,,,,,,,,,,,,,,,,,,,,,https://handlaprivatkund.ica.se/stores/1004181/products/bredbart-sm%C3%B6r-g%C3%A5rdsgoda-normalsaltat-75-500g-valio/2135035
Gratängost riven 24% 150g Arla Köket®,"37,90 kr","0.15kg 252,67 kr/kg",333 kcal,1387 kJ,24 g,16 g,1.4 g,0 g,27 g,1.2 g,,,794 mg,,,,,,,,,,,,,,,,,,,,,,,,,,https://handlaprivatkund.ica.se/stores/1004181/products/grat%C3%A4ngost-riven-24-150g-arla-k%C3%B6ket/1499601
Pizzaost Riven 26% 150g ICA,"31,90 kr","0.15kg 212,67 kr/kg",340 kcal,1400 kJ,25 g,17 g,2 g,0.5 g,26 g,1.6 g,,,,,,,,,,,,,,,,,,,,,,,,,,,,,https://handlaprivatkund.ica.se/stores/1004181/products/pizzaost-riven-26-150g-ica/1383665
"Drickyoghurt Yalla Passionsfrukt Laktosfri 0,5% 350ml Yoggi®","24,90 kr","0.35L 71,14 kr/l",50 kcal,210 kJ,0.5 g,0.3 g,7.9 g,7.6 g,3.3 g,0.1 g,,,,,,,,,,,,,,,,,,,,,,,,,,,,,https://handlaprivatkund.ica.se/stores/1004181/products/drickyoghurt-yalla-passionsfrukt-laktosfri-0-5-350ml-yoggi/2075579
Drickkvarg Tropisk 330ml Lindahls,"22,90 kr","0.33L 69,39 kr/l",50 kcal,220 kJ,0.8 g,1 g,3.4 g,3.1 g,6.7 g,0.1 g,,,,,,,,,,,,,,,,,,,,,,,,,,,,,https://handlaprivatkund.ica.se/stores/1004181/products/drickkvarg-tropisk-330ml-lindahls/2057863
Fruktdryck Fruit Crush Äpple Hallon 1000ml God Morgon®,"29,90 kr","1L 29,90 kr/l",30 kcal,126 kJ,0 g,0 g,7.3 g,6.8 g,0 g,0 g,,,,,,,,,,,,,,,,,,,,,,,,,,,,,https://handlaprivatkund.ica.se/stores/1004181/products/fruktdryck-fruit-crush-%C3%A4pple-hallon-1000ml-god-morgon/2141507
Kvarg Jordgubb Laktosfri 7% 200g Valio,"20,90 kr","0.2kg 104,50 kr/kg",157 kcal,660 kJ,7 g,4.1 g,16 g,15 g,7.2 g,0.09 g,,,,,,,,,,,,,,,,,,,,,,,,,,,,,https://handlaprivatkund.ica.se/stores/1004181/products/kvarg-jordgubb-laktosfri-7-200g-valio/2023917
"Filmjölk Svarta Vinbär 3,7% 1000g Fjällfil®","36,90 kr","1kg 36,90 kr/kg",90 kcal,360 kJ,3.7 g,2.4 g,9.1 g,8.7 g,3.1 g,0.1 g,,0.89 µg,,,,,,,,,,,,,,,,,,,,,,,,,,,https://handlaprivatkund.ica.se/stores/1004181/products/filmj%C3%B6lk-svarta-vinb%C3%A4r-3-7-1000g-fj%C3%A4llfil/2151635
Iskaffe Havre Latte Original 235ml Oatly,"26,90 kr","0.235L 114,47 kr/l",62 kcal,260 kJ,2 g,0.2 g,9.5 g,6.2 g,1.1 g,0.17 g,,,,,,,0.9 g,,,,,,,,,,,,,,,,,,,,,,https://handlaprivatkund.ica.se/stores/1004181/products/iskaffe-havre-latte-original-235ml-oatly/2151424
Vitmögelost Chévre 170g ICA,"48,90 kr","0.17kg 287,65 kr/kg",275 kcal,1140 kJ,23 g,16 g,0 g,0 g,17 g,1.5 g,,,,,,,,,,,,,,,,,,,,,,,,,,,,,https://handlaprivatkund.ica.se/stores/1004181/products/vitm%C3%B6gelost-ch%C3%A9vre-170g-ica/1528609
Babybel Plantbased 100g Mini Babybel,"35,90 kr","0.1kg 359,00 kr/kg",248 kcal,1032 kJ,18 g,16 g,21 g,0.5 g,0.5 g,1.9 g,1.5 µg,,680 mg,,,,,,,,,,,,,,,,,,,,,,,,,,https://handlaprivatkund.ica.se/stores/1004181/products/babybel-plantbased-100g-mini-babybel/2140307
"Yoghurt Mild Blåbär 1,5% lättsockrad 1000g Arla Ko®","37,90 kr","1kg 37,90 kr/kg",65 kcal,275 kJ,1.5 g,0.9 g,8.3 g,7.9 g,3.7 g,0.08 g,,0.92 µg,,,,,,,,,,,,,,,,,,,,,,,,,,,https://handlaprivatkund.ica.se/stores/1004181/products/yoghurt-mild-bl%C3%A5b%C3%A4r-1-5-l%C3%A4ttsockrad-1000g-arla-ko/2044892
Frukostägg Frigående L 12-p ICA,"44,90 kr","12 per frp 3,74 kr/st",140 kcal,600 kJ,10 g,2.5 g,0.5 g,0 g,12.5 g,0.36 g,,,,,,,,,,,,,,,,,,,,,,,,,,,,,https://handlaprivatkund.ica.se/stores/1004181/products/frukost%C3%A4gg-frig%C3%A5ende-l-12-p-ica/1203220
"Yoghurt Tropisk Laktosfri 2,2% 1000g Verum","37,90 kr","1kg 37,90 kr/kg",70 kcal,290 kJ,2.2 g,1.4 g,8.2 g,7.9 g,3.1 g,0.1 g,,0.88 µg,131 mg,,,,,13 mg,,,,,,,,,,,,,,,,,,,,,https://handlaprivatkund.ica.se/stores/1004181/products/yoghurt-tropisk-laktosfri-2-2-1000g-verum/2169038
Juice Äpple utan fruktkött 1.75l ICA,"38,90 kr","1.75L 22,23 kr/l",43 kcal,183 kJ,0 g,0 g,10 g,9.7 g,0 g,0 g,,,,,,,,,,,,,,,,,,,,,,,,,,,,,https://handlaprivatkund.ica.se/stores/1004181/products/juice-%C3%A4pple-utan-fruktk%C3%B6tt-1-75l-ica/2065066
Havredryck Barista Nutty Vanilla osockrad Glutenfri 3% 1000ml Oddlygood®,"31,90 kr","1L 31,90 kr/l",57 kcal,237 kJ,3 g,0.3 g,6.3 g,3.5 g,1.1 g,0.08 g,0.4 µg,1 µg,120 mg,,,,,,0.21 mg,22.5 µg,,,,,,,,,,,,,,,,,,,https://handlaprivatkund.ica.se/stores/1004181/products/havredryck-barista-nutty-vanilla-osockrad-glutenfri-3-1000ml-oddlygood/2169070
Smetana Laktosfri 42% 2dl ICA Selection,"29,90 kr","0.2L 149,50 kr/l",400 kcal,1650 kJ,42 g,28 g,2.2 g,2.2 g,2.1 g,0.1 g,,,,,,,,,,,,,,,,,,,,,,,,,,,,,https://handlaprivatkund.ica.se/stores/1004181/products/smetana-laktosfri-42-2dl-ica-selection/1500275
"Yoghurt Mini Samoa 0,1% 1000g Yoggi®","35,90 kr","1kg 35,90 kr/kg",36 kcal,155 kJ,0.1 g,0.1 g,4.5 g,4.2 g,3.6 g,0.1 g,,0.9 µg,,,,,,,,,,,,,,,,,,,,,,,,,,,https://handlaprivatkund.ica.se/stores/1004181/products/yoghurt-mini-samoa-0-1-1000g-yoggi/1486338
Yoghurt Madagaskar Vanilj Laktosfri 2% 1000g Yoggi®,"39,90 kr","1kg 39,90 kr/kg",72 kcal,304 kJ,2 g,1.3 g,9.6 g,8.8 g,3.4 g,0.08 g,,0.93 µg,106 mg,,,,,,,,,,,,,,,,,,,,,,,,,,https://handlaprivatkund.ica.se/stores/1004181/products/yoghurt-madagaskar-vanilj-laktosfri-2-1000g-yoggi/1520716
Ingefärsshot 500ml Rynkeby,"56,00 kr","0.5L 112,00 kr/l",71 kcal,301 kJ,0.5 g,0 g,12 g,12 g,0.7 g,0 g,,,,,,,,40 mg,,,,,,,,,,,,,,,,,,,,,https://handlaprivatkund.ica.se/stores/1004181/products/ingef%C3%A4rsshot-500ml-rynkeby/1521124
Färskost Naturell 300g Philadelphia,"42,90 kr","0.3kg 143,00 kr/kg",226 kcal,933 kJ,21 g,14 g,4.3 g,4.3 g,5.4 g,0.75 g,,,,,,,0.2 g,,,,,,,,,,,,,,,,,,,,,,https://handlaprivatkund.ica.se/stores/1004181/products/f%C3%A4rskost-naturell-300g-philadelphia/1024362
"Kvargyoghurt Vanilj 0,2% 500g Lindahls","35,90 kr","0.5kg 71,80 kr/kg",85 kcal,361 kJ,0.3 g,0.2 g,14 g,13 g,7 g,0.1 g,,,,,,,,,,,,,,,,,,,,,,,,,,,,,https://handlaprivatkund.ica.se/stores/1004181/products/kvargyoghurt-vanilj-0-2-500g-lindahls/1465102
Ärtdryck Osötad 1l Sproud,"26,90 kr","1L 26,90 kr/l",20 kcal,100 kJ,2 g,0.2 g,0 g,0 g,1.5 g,0.15 g,0.38 µg,1 µg,0.12 g,,,,,,0.21 mg,,,,,,,,,,,,,,,,,,,,https://handlaprivatkund.ica.se/stores/1004181/products/%C3%A4rtdryck-os%C3%B6tad-1l-sproud/2070050
"Chokladmjölk Familjefavoriter 0,5% 1l Arla®","27,90 kr","1L 27,90 kr/l",57 kcal,243 kJ,0.5 g,0.4 g,9.5 g,9.4 g,3.6 g,0.11 g,0.46 µg,,118 mg,,,,0.4 g,,,,,,,,,,,,,,,,,,,,,,https://handlaprivatkund.ica.se/stores/1004181/products/chokladmj%C3%B6lk-familjefavoriter-0-5-1l-arla/2118787
Mellanmål Citrusflirt 175g RisiFrutti,"16,90 kr","0.175kg 96,57 kr/kg",110 kcal,465 kJ,3.3 g,2.1 g,17 g,10 g,3 g,0.16 g,,,,,,,,,,,,,,,,,,,,,,,,,,,,,https://handlaprivatkund.ica.se/stores/1004181/products/mellanm%C3%A5l-citrusflirt-175g-risifrutti/2107541
"Matlagningsgrädde Laktosfri 13% 2,5dl ICA","18,90 kr","0.25L 75,60 kr/l",146 kcal,603 kJ,13 g,8.3 g,4.1 g,4.1 g,3.1 g,0.08 g,,,,,,,,,,,,,,,,,,,,,,,,,,,,,https://handlaprivatkund.ica.se/stores/1004181/products/matlagningsgr%C3%A4dde-laktosfri-13-2-5dl-ica/1407272
"Proteinkvarg Jordgubb Laktosfri 0,2% 200g Arla®","21,90 kr","0.2kg 109,50 kr/kg",72 kcal,305 kJ,0.2 g,0.1 g,6.6 g,6.3 g,10 g,0.12 g,,,,,,,,,,,,,,,,,,,,,,,,,,,,,https://handlaprivatkund.ica.se/stores/1004181/products/proteinkvarg-jordgubb-laktosfri-0-2-200g-arla/2151782
Havregrädde iMat Ekologisk 13% 1l Oatly,"44,90 kr","1L 44,90 kr/l",148 kcal,611 kJ,13 g,1.1 g,6.2 g,3 g,0.9 g,0.11 g,,,,,,,0.9 g,,,,,,,,,,,,,,,,,,,,,,https://handlaprivatkund.ica.se/stores/1004181/products/havregr%C3%A4dde-imat-ekologisk-13-1l-oatly/1487134
"Yoghurt Körsbär 2,7% 250g Bärry","15,90 kr","0.25kg 63,60 kr/kg",90 kcal,370 kJ,2.6 g,1.6 g,13 g,13 g,3 g,0.1 g,,0.85 µg,,,,,,,,,,,,,,,,,,,,,,,,,,,https://handlaprivatkund.ica.se/stores/1004181/products/yoghurt-k%C3%B6rsb%C3%A4r-2-7-250g-b%C3%A4rry/1431615
Måltidsdryck Päron 2dl ICA,"8,90 kr","1L 8,90 kr/l drickklar",,,,,,,,,,,,,,,,,,,,,,,,,,,,,,,,,,,,,https://handlaprivatkund.ica.se/stores/1004181/products/m%C3%A5ltidsdryck-p%C3%A4ron-2dl-ica/1514880
"Vaniljyoghurt Laktosfri 2,1% 1l Valio","40,90 kr","1kg 40,90 kr/kg",71 kcal,297 kJ,2.1 g,1.2 g,8.8 g,8.3 g,3.5 g,0.09 g,,1 µg,120 mg,,,,,,,,,,,,,,,,,,,,,,,,,,https://handlaprivatkund.ica.se/stores/1004181/products/vaniljyoghurt-laktosfri-2-1-1l-valio/1363400
Ostkaka 300g Frödinge,"43,90 kr","0.3kg 146,33 kr/kg",170 kcal,700 kJ,7 g,4 g,16 g,10 g,10 g,0.12 g,,,,,,,,,,,,,,,,,,,,,,,,,,,,,https://handlaprivatkund.ica.se/stores/1004181/products/ostkaka-300g-fr%C3%B6dinge/1023634
Edamerost skivad 24 % 400g ICA Basic,"64,00 kr","0.4kg 160,00 kr/kg",309 kcal,1283 kJ,23 g,16 g,0.5 g,0.5 g,26 g,2 g,,,,,,,,,,,,,,,,,,,,,,,,,,,,,https://handlaprivatkund.ica.se/stores/1004181/products/edamerost-skivad-24-400g-ica-basic/1411143
"Filmjölk Jordgubb 2,7% 1000g Arla Ko®","29,90 kr","1kg 29,90 kr/kg",73 kcal,307 kJ,2.7 g,1.7 g,8.4 g,8.2 g,3.1 g,0.08 g,,0.92 µg,,,,,,,,,,,,,,,,,,,,,,,,,,,https://handlaprivatkund.ica.se/stores/1004181/products/filmj%C3%B6lk-jordgubb-2-7-1000g-arla-ko/1447266
"Kefir Skogsbär Laktosfri 2,1% 1000g Valio","37,90 kr","1kg 37,90 kr/kg",65 kcal,273 kJ,2.1 g,1.3 g,7.6 g,7.1 g,3.3 g,0.14 g,,1 µg,,,,,,,,,,,,,,,,,,,,,,,,,,,https://handlaprivatkund.ica.se/stores/1004181/products/kefir-skogsb%C3%A4r-laktosfri-2-1-1000g-valio/2129104
"Yoghurt Grekisk Mango Laktosfri 4,8% 150g Valio","15,90 kr","0.15kg 106,00 kr/kg",117 kcal,492 kJ,4.8 g,2.8 g,13 g,12 g,4.9 g,0.1 g,,,,,,,,,,,,,,,,,,,,,,,,,,,,,https://handlaprivatkund.ica.se/stores/1004181/products/yoghurt-grekisk-mango-laktosfri-4-8-150g-valio/2151773
"Yoghurt Mango & Vanilj Slät Laktosfri 2,1% 1l Valio","40,90 kr","1kg 40,90 kr/kg",72 kcal,304 kJ,2.1 g,1.2 g,9.1 g,8.7 g,3.6 g,0.09 g,,1 µg,120 mg,,,,,,,,,,,,,,,,,,,,,,,,,,https://handlaprivatkund.ica.se/stores/1004181/products/yoghurt-mango-vanilj-sl%C3%A4t-laktosfri-2-1-1l-valio/1377819
Vaniljyoghurt mild 2% 1000g Arla Ko®,"29,90 kr","1kg 29,90 kr/kg",70 kcal,297 kJ,2 g,1.3 g,8.5 g,8.5 g,3.9 g,0.08 g,,1 µg,119 mg,,,,,,,,,,,,,,,,,,,,,,,,,,https://handlaprivatkund.ica.se/stores/1004181/products/vaniljyoghurt-mild-2-1000g-arla-ko/2032478
Yoghurt Original Vanilj Äpple & Kanel 2% 1000g Yoggi®,"36,90 kr","1kg 36,90 kr/kg",80 kcal,340 kJ,2 g,1.3 g,12 g,11 g,3.3 g,0.1 g,,0.93 µg,,,,,,,,,,,,,,,,,,,,,,,,,,,https://handlaprivatkund.ica.se/stores/1004181/products/yoghurt-original-vanilj-%C3%A4pple-kanel-2-1000g-yoggi/1201537
"Kvarg Mild Vanilj 0,2% Laktosfri 1000g Arla®","35,00 kr","1kg 35,00 kr/kg",60 kcal,250 kJ,0.2 g,0.1 g,4 g,3.5 g,9.7 g,0.1 g,,,,,,,,,,,,,,,,,,,,,,,,,,,,,https://handlaprivatkund.ica.se/stores/1004181/products/kvarg-mild-vanilj-0-2-laktosfri-1000g-arla/2096736
Grevé® ost mild 28% ca 700g Arla Ko®,Ca,"Ca 0.7kg 162,00 kr/kg",358 kcal,1488 kJ,28 g,18 g,0 g,0 g,26 g,1.2 g,1.5 µg,,766 mg,,,,,,,,,,,,,,,,,,,,,,,,,,https://handlaprivatkund.ica.se/stores/1004181/products/grev%C3%A9-ost-mild-28-ca-700g-arla-ko/1265141
Spansk ostbricka tre ostar Iberico De Cabra & Manchego D.O.P. 150g ICA,"66,00 kr","0.15kg 440,00 kr/kg",417 kcal,1721 kJ,35 g,23 g,1.5 g,1.5 g,25 g,1.8 g,,,,,,,,,,,,,,,,,,,,,,,,,,,,,https://handlaprivatkund.ica.se/stores/1004181/products/spansk-ostbricka-tre-ostar-iberico-de-cabra-manchego-d-o-p-150g-ica/1499784
"Cottage Cheese Supermini 0,2% 500g KESO®","39,90 kr","0.5kg 79,80 kr/kg",70 kcal,280 kJ,0.2 g,0.1 g,3 g,2.6 g,13 g,0.8 g,,,,,,,,,,,,,,,,,,,,,,,,,,,,,https://handlaprivatkund.ica.se/stores/1004181/products/cottage-cheese-supermini-0-2-500g-keso/1526899
Skinkost 275g Kavli,"58,00 kr","0.275kg 210,91 kr/kg",190 kcal,800 kJ,14 g,8.9 g,0 g,0 g,16 g,3.2 g,,,,,,,,,,,,,,,,,,,,,,,,,,,,,https://handlaprivatkund.ica.se/stores/1004181/products/skinkost-275g-kavli/1023636
"Juice Äpple 1,75l God Morgon®","53,00 kr","1.75L 30,29 kr/l",43 kcal,183 kJ,0.5 g,0 g,10 g,9.7 g,0.5 g,0 g,,,,,,,,40 mg,,,,,,,,,,,,,,,,,,,,,https://handlaprivatkund.ica.se/stores/1004181/products/juice-%C3%A4pple-1-75l-god-morgon/1498942
Yoghurt Original Samoa 2% 1000g Yoggi®,"36,90 kr","1kg 36,90 kr/kg",80 kcal,340 kJ,2 g,1.3 g,12 g,11 g,3.3 g,0.1 g,,0.93 µg,,,,,,,,,,,,,,,,,,,,,,,,,,,https://handlaprivatkund.ica.se/stores/1004181/products/yoghurt-original-samoa-2-1000g-yoggi/1225835
Havredryck vanilj 1l ICA,"21,90 kr","1L 21,90 kr/l",52 kcal,220 kJ,1.5 g,0.5 g,8.2 g,4.4 g,1.1 g,0.1 g,0.38 µg,1.1 µg,120 mg,,,,0.8 g,,0.21 mg,22.5 µg,,,,,,,,,,,,,,,,,,,https://handlaprivatkund.ica.se/stores/1004181/products/havredryck-vanilj-1l-ica/2035618
A-fil Naturell Plus Dofilus 3% Ekologisk 1000g Arla®,"26,90 kr","1kg 26,90 kr/kg",58 kcal,245 kJ,3 g,1.9 g,3.7 g,3.7 g,3.5 g,0.09 g,,1 µg,122 mg,,,,,,,,,,,,,,,,,,,,,,,,,,https://handlaprivatkund.ica.se/stores/1004181/products/a-fil-naturell-plus-dofilus-3-ekologisk-1000g-arla/2018466
"Dessertkvarg Kesella® Vanilj 7,5% 250g Dreamy Dessert","24,90 kr","0.25kg 99,60 kr/kg",150 kcal,650 kJ,7.5 g,5.2 g,13 g,12 g,7.3 g,0.1 g,,,,,,,,,,,,,,,,,,,,,,,,,,,,,https://handlaprivatkund.ica.se/stores/1004181/products/dessertkvarg-kesella-vanilj-7-5-250g-dreamy-dessert/2092207
Havredryck Naturell 1l ICA,"19,90 kr","1L 19,90 kr/l",48 kcal,203 kJ,1.5 g,0.2 g,7.2 g,3.5 g,1.1 g,0.1 g,0.38 µg,1.1 µg,120 mg,,,,0.8 g,,0.21 mg,22.5 µg,,,,,,,,,,,,,,,,,,,https://handlaprivatkund.ica.se/stores/1004181/products/havredryck-naturell-1l-ica/2035617
Danablu Blåmögelost 29% 125g Castello®,"40,90 kr","0.125kg 327,20 kr/kg",341 kcal,1415 kJ,29 g,18 g,0.5 g,0.5 g,20 g,3.3 g,,,,,,,,,,,,,,,,,,,,,,,,,,,,,https://handlaprivatkund.ica.se/stores/1004181/products/danablu-bl%C3%A5m%C3%B6gelost-29-125g-castello/1421787
A-fil Naturell 3% 1000g ICA,"20,90 kr","1kg 20,90 kr/kg",60 kcal,260 kJ,3 g,2 g,4 g,4 g,3.6 g,0.1 g,,1 µg,120 mg,,,,,,,,,,,,,,,,,,,,,,,,,,https://handlaprivatkund.ica.se/stores/1004181/products/a-fil-naturell-3-1000g-ica/1528073
"Vaniljyoghurt Mild Laktosfri 2,6% 1000g Arla Ko®","36,90 kr","1kg 36,90 kr/kg",69 kcal,292 kJ,2.6 g,1.7 g,7.3 g,6.8 g,3.5 g,0.08 g,,0.9 µg,,,,,,,,,,,,,,,,,,,,,,,,,,,https://handlaprivatkund.ica.se/stores/1004181/products/vaniljyoghurt-mild-laktosfri-2-6-1000g-arla-ko/2141627
"Mellanmjölkdryck 1,5% Ekologisk Laktosfri 1l Arla Ko®","30,90 kr","1L 30,90 kr/l",37 kcal,154 kJ,1.5 g,1 g,2.4 g,2.4 g,3.4 g,0.08 g,0.4 µg,1 µg,112 mg,,,,,,0.13 mg,,,,,,,,,,,,,,,,,,,,https://handlaprivatkund.ica.se/stores/1004181/products/mellanmj%C3%B6lkdryck-1-5-ekologisk-laktosfri-1l-arla-ko/1408353
"Mellanmjölk Lite längre hållbarhet 1,5% 1,5l ICA","24,90 kr","1.5L 16,60 kr/l",47 kcal,195 kJ,1.5 g,1 g,4.7 g,4.7 g,3.5 g,0.09 g,0.4 µg,1 µg,124 mg,,,,,,0.14 mg,22 µg,0.5 mg,160 mg,92 mg,139 mg,3.8 µg,,,,,,,,,,,,,,https://handlaprivatkund.ica.se/stores/1004181/products/mellanmj%C3%B6lk-lite-l%C3%A4ngre-h%C3%A5llbarhet-1-5-1-5l-ica/1520842
Tacoost Riven 150g ICA,"31,90 kr","0.15kg 212,67 kr/kg",340 kcal,1450 kJ,27 g,19 g,1.9 g,0 g,24 g,1.5 g,,,,,,,,,,,,,,,,,,,,,,,,,,,,,https://handlaprivatkund.ica.se/stores/1004181/products/tacoost-riven-150g-ica/1383660
Yoghurt Original Samoa 2% Laktosfri 1000g Yoggi®,"39,90 kr","1kg 39,90 kr/kg",78 kcal,328 kJ,2 g,1.3 g,11 g,10 g,3.4 g,0.08 g,,0.93 µg,110 mg,,,,,,,,,,,,,,,,,,,,,,,,,,https://handlaprivatkund.ica.se/stores/1004181/products/yoghurt-original-samoa-2-laktosfri-1000g-yoggi/1421789
Gran biraghi Finriven ost 50g Biraghi,"20,90 kr","0.05kg 418,00 kr/kg",418 kcal,1739 kJ,30 g,21 g,0 g,0 g,37 g,1.8 g,,,,,,,0 g,,,,,,,,,,,,,,,,,,,,,,https://handlaprivatkund.ica.se/stores/1004181/products/gran-biraghi-finriven-ost-50g-biraghi/1023405
Yoghurt Original Blåbär 2% 1000g Yoggi®,"36,90 kr","1kg 36,90 kr/kg",80 kcal,340 kJ,2 g,1.3 g,11 g,11 g,3.3 g,0.07 g,,0.93 µg,,,,,,,,,,,,,,,,,,,,,,,,,,,https://handlaprivatkund.ica.se/stores/1004181/products/yoghurt-original-bl%C3%A5b%C3%A4r-2-1000g-yoggi/2023876
Matfett med Smör och Havssalt 70% 500g Flora,"48,90 kr","0.5kg 97,80 kr/kg",633 kcal,2601 kJ,70 g,24 g,0.5 g,0.5 g,0.5 g,1.7 g,,,,,,,,,,,,,,,,,,,,,,,,,,,,,https://handlaprivatkund.ica.se/stores/1004181/products/matfett-med-sm%C3%B6r-och-havssalt-70-500g-flora/2151656
Margarin Flytande 80% 500ml ICA,"24,90 kr","0.5L 49,80 kr/l",700 kcal,2950 kJ,80 g,8 g,0.5 g,0.5 g,0.5 g,1.5 g,,,,,,,,,,,,,,,,,,,,,,,,,,,,,https://handlaprivatkund.ica.se/stores/1004181/products/margarin-flytande-80-500ml-ica/1309531
Proteinyoghurt Mango Passion Laktosfri 2% 1000g Lindahls,"37,90 kr","1kg 37,90 kr/kg",50 kcal,230 kJ,2 g,1.2 g,3.9 g,3.6 g,5 g,0.1 g,,0.9 µg,,,,,,,,,,,,,,,,,,,,,,,,,,,https://handlaprivatkund.ica.se/stores/1004181/products/proteinyoghurt-mango-passion-laktosfri-2-1000g-lindahls/2096355
Chokladmjölk Pucko® Original 270ml Cocio,"20,90 kr","0.27L 77,41 kr/l",67 kcal,283 kJ,1.6 g,1 g,9.5 g,9.4 g,3.5 g,0.14 g,,,,,,,,,,,,,,,,,,,,,,,,,,,,,https://handlaprivatkund.ica.se/stores/1004181/products/chokladmj%C3%B6lk-pucko-original-270ml-cocio/1403356
Mozzarella 125g ICA Basic,"15,90 kr","0.125kg 127,20 kr/kg u. spad",,,,,,,,,,,,,,,,,,,,,,,,,,,,,,,,,,,,,https://handlaprivatkund.ica.se/stores/1004181/products/mozzarella-125g-ica-basic/1410861
Vispgrädde Färsk 40% 5dl ICA,"40,90 kr","0.5L 81,80 kr/l",370 kcal,1550 kJ,40 g,26 g,3 g,3 g,2.1 g,0.1 g,,,,,,370 µg,,,,,,,,,,12 µg,,,,,,,,,,,,,https://handlaprivatkund.ica.se/stores/1004181/products/vispgr%C3%A4dde-f%C3%A4rsk-40-5dl-ica/1465408
Smör & Raps Mellan 57% 500g Bregott®,"69,00 kr","0.5kg 138,00 kr/kg",515 kcal,2118 kJ,57 g,19 g,0.3 g,0.3 g,0.2 g,1 g,,20 µg,,9.4 g,25 g,950 µg,,,,,,,,,,,,,,,,,,,,,,,https://handlaprivatkund.ica.se/stores/1004181/products/sm%C3%B6r-raps-mellan-57-500g-bregott/2129120
Yoghurt Original Skogsbär 2% Laktosfri 1000g Yoggi®,"39,90 kr","1kg 39,90 kr/kg",78 kcal,331 kJ,2 g,1.3 g,11 g,10 g,3.4 g,0.08 g,,0.94 µg,107 mg,,,,,,,,,,,,,,,,,,,,,,,,,,https://handlaprivatkund.ica.se/stores/1004181/products/yoghurt-original-skogsb%C3%A4r-2-laktosfri-1000g-yoggi/1441972
Präst® ost 17% ca 720g Arla Ko®,Ca,"Ca 0.72kg 209,00 kr/kg",277 kcal,1156 kJ,17 g,11 g,0 g,0 g,30 g,1.2 g,1.8 µg,,898 mg,,,,,,,,,,,,,,,,,,,,,,,,,,https://handlaprivatkund.ica.se/stores/1004181/products/pr%C3%A4st-ost-17-ca-720g-arla-ko/1265129
"Mellanmjölk 1,5% Ekologisk 3dl Arla Ko®","10,90 kr","0.3L 36,33 kr/l",47 kcal,195 kJ,1.5 g,1 g,4.7 g,4.7 g,3.5 g,0.09 g,0.4 µg,1 µg,124 mg,,,,,,0.14 mg,,0.5 mg,160 mg,92 mg,139 mg,3.8 µg,,,,,,,,,,,,,,https://handlaprivatkund.ica.se/stores/1004181/products/mellanmj%C3%B6lk-1-5-ekologisk-3dl-arla-ko/1297118
Juice Tropisk 900ml Innocent,"47,90 kr","0.9L 53,22 kr/l exkl pant",,,,,,,,,,,,,,,,,,,,,,,,,,,,,,,,,,,,,https://handlaprivatkund.ica.se/stores/1004181/products/juice-tropisk-900ml-innocent/2052854
Proteinsojadryck 1000ml Alpro,"30,90 kr","1L 30,90 kr/l",57 kcal,239 kJ,2.8 g,0.5 g,2.5 g,2.5 g,5 g,0.1 g,0.38 µg,0.75 µg,120 mg,,,,0.9 g,,0.21 mg,,,,,,,,,,,,,,,,,,,,https://handlaprivatkund.ica.se/stores/1004181/products/proteinsojadryck-1000ml-alpro/2142147
Proteinmilkshake ProPud Chocolate Laktosfri 330ml NJIE,"26,90 kr","0.33L 81,52 kr/l",58 kcal,243 kJ,1.5 g,0.9 g,4.9 g,4.9 g,6.1 g,0.1 g,,,,,,,,,,,,,,,,,,,,,,,,,,,,,https://handlaprivatkund.ica.se/stores/1004181/products/proteinmilkshake-propud-chocolate-laktosfri-330ml-njie/1514209
Crème fraiche 32% 2dl ICA,"18,90 kr","0.2L 94,50 kr/l",310 kcal,1300 kJ,32 g,20 g,2.4 g,2.4 g,2.4 g,0.1 g,,,,,,,,,,,,,,,,,,,,,,,,,,,,,https://handlaprivatkund.ica.se/stores/1004181/products/cr%C3%A8me-fraiche-32-2dl-ica/1528077
Yoghurt Strawberry Refresh 3% 1000g Verum,"38,90 kr","1kg 38,90 kr/kg",70 kcal,310 kJ,3 g,1.9 g,8.1 g,7.7 g,3.1 g,0.1 g,,0.88 µg,130 mg,,,,,13 mg,,,,,,,,,,,,,,,,,,,,,https://handlaprivatkund.ica.se/stores/1004181/products/yoghurt-strawberry-refresh-3-1000g-verum/2169031
Shot Ingefära Kallpressad 500ml ICA Selection,"78,00 kr","0.5L 156,00 kr/l exkl pant",36 kcal,155 kJ,0 g,0 g,8.6 g,7.6 g,0 g,0 g,,,,,,,,,,,,,,,,,,,,,,,,,,,,,https://handlaprivatkund.ica.se/stores/1004181/products/shot-ingef%C3%A4ra-kallpressad-500ml-ica-selection/2127586
"Havredryck Vanilj 2,6% 1l Oatly","22,90 kr","1L 22,90 kr/l",68 kcal,285 kJ,2.6 g,0.3 g,9.6 g,5.9 g,1.1 g,0.11 g,0.38 µg,1.1 µg,120 mg,,,,0.8 g,,0.21 mg,22.5 µg,,,,,,,,,,,,,,,,,,,https://handlaprivatkund.ica.se/stores/1004181/products/havredryck-vanilj-2-6-1l-oatly/2102124
Proteinyoghurt Jordgubb Laktosfri 2% 1000g Lindahls,"37,90 kr","1kg 37,90 kr/kg",50 kcal,230 kJ,2 g,1.2 g,3.8 g,3.4 g,5 g,0.1 g,,0.9 µg,,,,,,,,,,,,,,,,,,,,,,,,,,,https://handlaprivatkund.ica.se/stores/1004181/products/proteinyoghurt-jordgubb-laktosfri-2-1000g-lindahls/2096354
Grekisk Yoghurt Mild Naturell 6% Laktosfri 1000g Arla Ko®,"40,90 kr","1kg 40,90 kr/kg",85 kcal,352 kJ,6 g,3.9 g,3.6 g,3.6 g,3.4 g,0.08 g,,,118 mg,,,,,,,,,,,,,,,,,,,,,,,,,,https://handlaprivatkund.ica.se/stores/1004181/products/grekisk-yoghurt-mild-naturell-6-laktosfri-1000g-arla-ko/2000646
Smoothie Äpple Banan Ananas 1000ml Bravo,"49,90 kr","1L 49,90 kr/l",54 kcal,228 kJ,0 g,0 g,12 g,12 g,0.5 g,0 g,,,,,,,,,,,,,,,,,,,,,,,,,,,,,https://handlaprivatkund.ica.se/stores/1004181/products/smoothie-%C3%A4pple-banan-ananas-1000ml-bravo/2141512
Cheddar mild 32% ca 500g Kvibille,Ca,"Ca 0.5kg 245,00 kr/kg",388 kcal,1607 kJ,32 g,20 g,0 g,0 g,24 g,1.3 g,,,,,,,,,,,,,,,,,,,,,,,,,,,,,https://handlaprivatkund.ica.se/stores/1004181/products/cheddar-mild-32-ca-500g-kvibille/1280666
"Kvarg Vaniljsmak 0,2% 150g Lindahls","14,90 kr","0.15kg 99,33 kr/kg",60 kcal,240 kJ,0.2 g,0 g,3.5 g,3.2 g,10 g,0.1 g,,,,,,,,,,,,,,,,,,,,,,,,,,,,,https://handlaprivatkund.ica.se/stores/1004181/products/kvarg-vaniljsmak-0-2-150g-lindahls/1486734
Havtornsdryck Ekologisk 1l KRAV Finnerödja,"41,90 kr","1L 41,90 kr/l",49 kcal,206 kJ,0.8 g,0.1 g,9.2 g,9.1 g,0.1 g,0 g,,,,,,,,,,,,,,,,,,,,,,,,,,,,,https://handlaprivatkund.ica.se/stores/1004181/products/havtornsdryck-ekologisk-1l-krav-finner%C3%B6dja/1506293
"Filmjölk Jordgubb Kiwi 3,5% 1000g Verum®","36,90 kr","1kg 36,90 kr/kg",80 kcal,330 kJ,3.5 g,2.3 g,8 g,7.6 g,3 g,0.1 g,,0.88 µg,130 mg,,,,,13 mg,,,,,,,,,,,,,,,,,,,,,https://handlaprivatkund.ica.se/stores/1004181/products/filmj%C3%B6lk-jordgubb-kiwi-3-5-1000g-verum/2151634
Fruktdryck Blodapelsin Äpple 1000ml God Morgon,"48,90 kr","1L 48,90 kr/l",42 kcal,176 kJ,0 g,0 g,9.1 g,8.6 g,0 g,0 g,,,,,,,,,,,,,,,,,,,,,,,,,,,,,https://handlaprivatkund.ica.se/stores/1004181/products/fruktdryck-blodapelsin-%C3%A4pple-1000ml-god-morgon/2151620
Proteinmilkshake Choklad 330ml Barebells,"33,90 kr","0.33L 102,73 kr/l",57 kcal,240 kJ,1.3 g,0.8 g,3.6 g,3.5 g,7.3 g,0.2 g,,,,,,,,,,,,,,,,,80 mg,,,,,,,,,,,,https://handlaprivatkund.ica.se/stores/1004181/products/proteinmilkshake-choklad-330ml-barebells/2005986
"Sojadessert Dark Chocolate 2,3% 125g 4-p Alpro","38,90 kr","0.5kg 77,80 kr/kg",94 kcal,396 kJ,2.3 g,0.8 g,14.7 g,11.8 g,3 g,0.14 g,0.38 µg,0.75 µg,120 mg,,,,1.4 g,,0.21 mg,,,,,,,,,,,,,,,,,,,,https://handlaprivatkund.ica.se/stores/1004181/products/sojadessert-dark-chocolate-2-3-125g-4-p-alpro/1514191
"Kvarg Naturell 0,3% 500g Lindahls","31,90 kr","0.5kg 63,80 kr/kg",60 kcal,250 kJ,0.3 g,0.2 g,3.4 g,3.4 g,11 g,0.1 g,,,,,,,,,,,,,,,,,,,,,,,,,,,,,https://handlaprivatkund.ica.se/stores/1004181/products/kvarg-naturell-0-3-500g-lindahls/1465101
Äppeljuice Cloudy 1l ICA,"39,90 kr","1L 39,90 kr/l exkl pant",45 kcal,190 kJ,0.1 g,0 g,10 g,9.9 g,0.1 g,0 g,,,,,,,,,,,,,,,,,,,,,,,,,,,,,https://handlaprivatkund.ica.se/stores/1004181/products/%C3%A4ppeljuice-cloudy-1l-ica/2038424
"Mandeldryck Osötad 1,1% 1l Alpro","33,90 kr","1L 33,90 kr/l",15 kcal,61 kJ,1.1 g,0.1 g,0 g,0 g,0.5 g,0.15 g,0.38 µg,0.75 µg,120 mg,,,,0.3 g,,0.21 mg,,,,,,,,,1.8 mg,,,,,,,,,,,https://handlaprivatkund.ica.se/stores/1004181/products/mandeldryck-os%C3%B6tad-1-1-1l-alpro/1447467
Smoothie Blåbär Hallon Svarta vinbär 300ml Brämhults,"36,90 kr","0.3L 123,00 kr/l exkl pant",54 kcal,226 kJ,0 g,0 g,12 g,11 g,0.6 g,0.01 g,,,,,,,1 g,85 mg,,,,,,,,,,1.8 mg,,,,,,,,,,,https://handlaprivatkund.ica.se/stores/1004181/products/smoothie-bl%C3%A5b%C3%A4r-hallon-svarta-vinb%C3%A4r-300ml-br%C3%A4mhults/2063033
Protein Choklad Pudding Laktosfri 200g Arla®,"20,90 kr","0.2kg 104,50 kr/kg",76 kcal,320 kJ,1.5 g,0.9 g,7 g,4.7 g,10 g,0.21 g,,1.5 µg,200 mg,,,,,,,,,,,,,,,,28.2 mg,,,,,,,,,,https://handlaprivatkund.ica.se/stores/1004181/products/protein-choklad-pudding-laktosfri-200g-arla/2129139
Vispgrädde Färsk Ekologisk 40% 3dl Arla Ko®,"37,90 kr","0.3L 126,33 kr/l",375 kcal,1565 kJ,40 g,26 g,2.9 g,2.9 g,2.2 g,0.05 g,,,,,,344 µg,,,,,,,,,,13 µg,,,,,,,,,,,,,https://handlaprivatkund.ica.se/stores/1004181/products/vispgr%C3%A4dde-f%C3%A4rsk-ekologisk-40-3dl-arla-ko/2012561
Grekisk Yoghurt Mild Naturell 6% 1000g Arla Ko®,"38,90 kr","1kg 38,90 kr/kg",84 kcal,352 kJ,6 g,3.9 g,3.6 g,3.6 g,3.4 g,0.08 g,,,119 mg,,,,,,,,,,,,,,,,,,,,,,,,,,https://handlaprivatkund.ica.se/stores/1004181/products/grekisk-yoghurt-mild-naturell-6-1000g-arla-ko/2032485
"Proteinmilkshake ProPud Cappuccino Laktosfri 1,5% 330ml NJIE","26,90 kr","0.33L 81,52 kr/l",58 kcal,243 kJ,1.5 g,0.9 g,4.9 g,4.9 g,6.1 g,0.1 g,,,,,,,,,,,,,,,,,,,,,,,,,,,,,https://handlaprivatkund.ica.se/stores/1004181/products/proteinmilkshake-propud-cappuccino-laktosfri-1-5-330ml-njie/1527488
Yoghurt Mango & Banan med granola 190g Tine,"21,90 kr","0.19kg 115,26 kr/kg",116 kcal,487 kJ,3.3 g,1.8 g,15 g,9.4 g,4.5 g,0.11 g,,,,,,,3.2 g,,,,,,,,,,,,,,,,,,,,,,https://handlaprivatkund.ica.se/stores/1004181/products/yoghurt-mango-banan-med-granola-190g-tine/2141774
Mellanmål Jordgubb Vegansk 165g RisiFrutti,"18,90 kr","0.165kg 114,55 kr/kg",105 kcal,440 kJ,3.3 g,2.1 g,18 g,8.5 g,1 g,0.15 g,,,,,,,,,,,,,,,,,,,,,,,,,,,,,https://handlaprivatkund.ica.se/stores/1004181/products/mellanm%C3%A5l-jordgubb-vegansk-165g-risifrutti/2085885
Havredryck Professional Barista 1000ml Fazer Aito,"29,90 kr","1L 29,90 kr/l",62 kcal,260 kJ,3 g,0.3 g,7.8 g,1.6 g,1.1 g,0.1 g,0.38 µg,1 µg,120 mg,,,,,,0.21 mg,,,,,,,,,,,,,,,,,,,,https://handlaprivatkund.ica.se/stores/1004181/products/havredryck-professional-barista-1000ml-fazer-aito/2169091
Kantarellost 330g Kavli,"62,00 kr","0.33kg 187,88 kr/kg",200 kcal,800 kJ,15 g,9.1 g,0.7 g,0.3 g,15 g,3.3 g,,,,,,,,,,,,,,,,,,,,,,,,,,,,,https://handlaprivatkund.ica.se/stores/1004181/products/kantarellost-330g-kavli/2011614
"Mellanmjölkdryck Laktosfri 1,5% 1l Arla Ko®","24,90 kr","1L 24,90 kr/l",37 kcal,154 kJ,1.5 g,1 g,2.4 g,2.4 g,3.4 g,0.08 g,0.4 µg,1 µg,112 mg,,,,,,0.13 mg,,,,,,,,,,,,,,,,,,,,https://handlaprivatkund.ica.se/stores/1004181/products/mellanmj%C3%B6lkdryck-laktosfri-1-5-1l-arla-ko/1354120
Havregurt Jordgubb 2% 1l Oatly,"42,90 kr","1kg 42,90 kr/kg",83 kcal,350 kJ,1.9 g,0.2 g,15 g,8.3 g,1 g,0.11 g,0.38 µg,1.1 µg,133 mg,,,,0.9 g,,0.21 mg,22.5 µg,,,,,,,,,,,,,,,,,,,https://handlaprivatkund.ica.se/stores/1004181/products/havregurt-jordgubb-2-1l-oatly/1471186
Gräddfil 12% 5dl ICA,"26,90 kr","0.5L 53,80 kr/l",140 kcal,550 kJ,12 g,7.7 g,3.4 g,3.4 g,3.1 g,0.1 g,,,,,,,,,,,,,,,,,,,,,,,,,,,,,https://handlaprivatkund.ica.se/stores/1004181/products/gr%C3%A4ddfil-12-5dl-ica/1289508
Äppeljuice Koncentrat 2dl ICA,"17,90 kr","1L 17,90 kr/l drickklar",,,,,,,,,,,,,,,,,,,,,,,,,,,,,,,,,,,,,https://handlaprivatkund.ica.se/stores/1004181/products/%C3%A4ppeljuice-koncentrat-2dl-ica/1411007
"Kvarg Blåbär 0,2% 500g Lindahls","35,90 kr","0.5kg 71,80 kr/kg",60 kcal,240 kJ,0.2 g,0 g,3.6 g,3.2 g,10 g,0.1 g,,,,,,,,,,,,,,,,,,,,,,,,,,,,,https://handlaprivatkund.ica.se/stores/1004181/products/kvarg-bl%C3%A5b%C3%A4r-0-2-500g-lindahls/1486729
Salladsost Oriental 800g Oriental White,"73,00 kr","0.8kg 91,25 kr/kg u. spad",223 kcal,924 kJ,19 g,9.4 g,2 g,2 g,11 g,3 g,,,,,,,,,,,,,,,,,,,,,,,,,,,,,https://handlaprivatkund.ica.se/stores/1004181/products/salladsost-oriental-800g-oriental-white/2000685
Proteinmilkshake Hallon Laktosfri 330ml Barebells,"33,90 kr","0.33L 102,73 kr/l",59 kcal,250 kJ,1.4 g,0.9 g,4.1 g,3.7 g,7.3 g,0.21 g,,,,,,,,,,,,,,,,,,,,,,,,,,,,,https://handlaprivatkund.ica.se/stores/1004181/products/proteinmilkshake-hallon-laktosfri-330ml-barebells/2105381
"Färsk standardmjölk Ekologisk 3,0% 1l Arla Ko®","20,90 kr","1L 20,90 kr/l",59 kcal,248 kJ,3 g,1.9 g,4.6 g,4.6 g,3.5 g,0.09 g,0.4 µg,1 µg,124 mg,,,,,,0.14 mg,,0.5 mg,160 mg,92 mg,139 mg,3.8 µg,,,,,,,,,,,,,,https://handlaprivatkund.ica.se/stores/1004181/products/f%C3%A4rsk-standardmj%C3%B6lk-ekologisk-3-0-1l-arla-ko/1390116
"Lättyoghurt Naturell Mild 0,5% 1000g Arla Ko®","24,90 kr","1kg 24,90 kr/kg",39 kcal,166 kJ,0.5 g,0.3 g,3.9 g,3.9 g,4.1 g,0.09 g,,1 µg,128 mg,,,,,,,,,,,,,,,,,,,,,,,,,,https://handlaprivatkund.ica.se/stores/1004181/products/l%C3%A4ttyoghurt-naturell-mild-0-5-1000g-arla-ko/2032486
Iskaffe Havrelatte Caramel 235ml Oatly,"26,90 kr","0.235L 114,47 kr/l",64 kcal,269 kJ,2 g,0.2 g,10 g,6.8 g,1.1 g,0.17 g,,,120 mg,,,,0.9 g,,,,,,,,,,,,,,,,,,,,,,https://handlaprivatkund.ica.se/stores/1004181/products/iskaffe-havrelatte-caramel-235ml-oatly/2151426
Tranbärsdryck 1l Jokk,"42,90 kr","1L 42,90 kr/l",44 kcal,186 kJ,0 g,0 g,11 g,11 g,0 g,0 g,,,,,,,,40 mg,,,,,,,,,,,,,,,,,,,,,https://handlaprivatkund.ica.se/stores/1004181/products/tranb%C3%A4rsdryck-1l-jokk/2107607
Mozzarella vegansk 250g Greenvie,"43,90 kr","0.25kg 175,60 kr/kg",305 kcal,1265 kJ,23.5 g,21 g,23 g,0 g,0.3 g,1.2 g,,,,,,,,,,,,,,,,,,,,,,,,,,,,,https://handlaprivatkund.ica.se/stores/1004181/products/mozzarella-vegansk-250g-greenvie/2027168
"Kvarg Vaniljsmak 0,2% 500g Lindahls","35,90 kr","0.5kg 71,80 kr/kg",60 kcal,240 kJ,0.2 g,0 g,3.5 g,3.2 g,10 g,0.1 g,,,,,,,,,,,,,,,,,,,,,,,,,,,,,https://handlaprivatkund.ica.se/stores/1004181/products/kvarg-vaniljsmak-0-2-500g-lindahls/1498833
Juice Tropical 1l God Morgon®,"35,90 kr","1L 35,90 kr/l",45 kcal,189 kJ,0 g,0 g,11 g,10 g,0 g,0 g,,,,,,,,,,,,,,,,,,,,,,,,,,,,,https://handlaprivatkund.ica.se/stores/1004181/products/juice-tropical-1l-god-morgon/2075527
Kvarg Vanilj Laktosfri 7% 200g Valio,"20,90 kr","0.2kg 104,50 kr/kg",157 kcal,660 kJ,7 g,4.1 g,16 g,15 g,7.2 g,0.08 g,,,,,,,,,,,,,,,,,,,,,,,,,,,,,https://handlaprivatkund.ica.se/stores/1004181/products/kvarg-vanilj-laktosfri-7-200g-valio/1470801
Filmjölk 3% Laktosfri Ekologisk 1000g Arla Ko®,"35,90 kr","1kg 35,90 kr/kg",52 kcal,216 kJ,3 g,1.9 g,1.8 g,1.8 g,3.7 g,0.09 g,,1 µg,122 mg,,,,,,,,,,,138 mg,,,,,,,,,,,,,,,https://handlaprivatkund.ica.se/stores/1004181/products/filmj%C3%B6lk-3-laktosfri-ekologisk-1000g-arla-ko/1493353
"Drickkvarg Yalla Jordgubb & Granatäpple Laktosfri 0,3% 350ml Yalla®","24,90 kr","0.35L 71,14 kr/l",50 kcal,200 kJ,0.3 g,0.2 g,4.4 g,3.9 g,6 g,0.11 g,,,,,,,,,,,,,,,,,,,,,,,,,,,,,https://handlaprivatkund.ica.se/stores/1004181/products/drickkvarg-yalla-jordgubb-granat%C3%A4pple-laktosfri-0-3-350ml-yalla/2000668
Brunchägg Frigående L 6-p ICA,"29,90 kr","6 per frp 4,98 kr/st",140 kcal,600 kJ,9.7 g,2.6 g,0.5 g,0.5 g,12 g,0.4 g,1.5 µg,1.4 µg,,,,233 µg,,,0.5 mg,28.6 µg,,,,,,,,5.6 mg,,22.7 µg,,,,,,,,,https://handlaprivatkund.ica.se/stores/1004181/products/brunch%C3%A4gg-frig%C3%A5ende-l-6-p-ica/2040167
Protein Coffee Caramel Hazelnut 330ml Starbucks®,"32,90 kr","0.33L 99,70 kr/l",51 kcal,215 kJ,1.1 g,0.7 g,4 g,3.8 g,6.1 g,0.13 g,,,,,,,,,,,,,,,,,,,,,,,,,,,,,https://handlaprivatkund.ica.se/stores/1004181/products/protein-coffee-caramel-hazelnut-330ml-starbucks/2151763
Mjukost i portion 120 g Den skrattande kon,"28,90 kr","0.12kg 240,83 kr/kg",173 kcal,723 kJ,11.5 g,7.7 g,4.7 g,4.7 g,12.5 g,2 g,,,375 mg,,,,,,,,,,,,,,,,,,,,,,,,,,https://handlaprivatkund.ica.se/stores/1004181/products/mjukost-i-portion-120-g-den-skrattande-kon/2128258
Burgarchedda lagrad 86g Väddö Gårdsmejeri,"53,00 kr","0.086kg 616,28 kr/kg",385 kcal,1602 kJ,28.5 g,17.9 g,7.8 g,0.5 g,24.4 g,4 g,,,,,,,,,,,,,,,,,,,,,,,,,,,,,https://handlaprivatkund.ica.se/stores/1004181/products/burgarchedda-lagrad-86g-v%C3%A4dd%C3%B6-g%C3%A5rdsmejeri/2117304
Matlagningsgrädde Laktosfri 13% 5dl ICA,"35,90 kr","0.5L 71,80 kr/l",146 kcal,603 kJ,13 g,8.3 g,4.1 g,4.1 g,3.1 g,0.08 g,,,,,,,,,,,,,,,,,,,,,,,,,,,,,https://handlaprivatkund.ica.se/stores/1004181/products/matlagningsgr%C3%A4dde-laktosfri-13-5dl-ica/1455189
Färsk standardmjölk 3% 1l Arla Ko®,"19,90 kr","1L 19,90 kr/l",59 kcal,248 kJ,3 g,1.9 g,4.6 g,4.6 g,3.5 g,0.09 g,0.4 µg,1 µg,124 mg,,,,,,0.14 mg,,0.5 mg,160 mg,92 mg,139 mg,3.8 µg,,,,,,,,,,,,,,https://handlaprivatkund.ica.se/stores/1004181/products/f%C3%A4rsk-standardmj%C3%B6lk-3-1l-arla-ko/1201422
"Matlagningsgrädde 13% 2,5dl ICA","18,90 kr","0.25L 75,60 kr/l",146 kcal,603 kJ,13 g,8.3 g,4.1 g,4.1 g,3.1 g,0.08 g,,,,,,,,,,,,,,,,,,,,,,,,,,,,,https://handlaprivatkund.ica.se/stores/1004181/products/matlagningsgr%C3%A4dde-13-2-5dl-ica/1520808
Kesella® kvarg 10% 250g Arla Köket®,"20,90 kr","0.25kg 83,60 kr/kg",140 kcal,600 kJ,10 g,7 g,3.5 g,3.5 g,9.7 g,0.1 g,,,,,,,,,,,,,,,,,,,,,,,,,,,,,https://handlaprivatkund.ica.se/stores/1004181/products/kesella-kvarg-10-250g-arla-k%C3%B6ket/1201966
"Grekisk Yoghurt Citron 0,2% 200g Arla®","17,90 kr","0.2kg 89,50 kr/kg",60 kcal,240 kJ,0.2 g,0.1 g,4.4 g,3.8 g,8.7 g,0.16 g,,,,,,,,,,,,,,,,,,,,,,,,,,,,,https://handlaprivatkund.ica.se/stores/1004181/products/grekisk-yoghurt-citron-0-2-200g-arla/2080623
Havredryck iKaffe Barista 3% 500ml Oatly,"18,90 kr","0.5L 37,80 kr/l",61 kcal,257 kJ,3 g,0.3 g,7.1 g,3.4 g,1.1 g,0.1 g,0.38 µg,1.1 µg,120 mg,,,,0.8 g,,0.21 mg,22.5 µg,,,,,,,,,,,,,,,,,,,https://handlaprivatkund.ica.se/stores/1004181/products/havredryck-ikaffe-barista-3-500ml-oatly/2092364
"Proteinyoghurt Mango 0,6% 200g Arla®","22,90 kr","0.2kg 114,50 kr/kg",70 kcal,299 kJ,0.6 g,0.3 g,5.4 g,5.1 g,10 g,0.13 g,,,213 mg,,,,,,,,,,,,,,,,,,,,,,,,,,https://handlaprivatkund.ica.se/stores/1004181/products/proteinyoghurt-mango-0-6-200g-arla/2135097
"Fruktyoghurt Jordgubb & Vanilj 1,8% Ekologisk 1000g Arla Ko®","37,90 kr","1kg 37,90 kr/kg",74 kcal,314 kJ,1.8 g,1.2 g,10 g,9.8 g,3.5 g,0.09 g,,0.94 µg,,,,,,,,,,,,,,,,,,,,,,,,,,,https://handlaprivatkund.ica.se/stores/1004181/products/fruktyoghurt-jordgubb-vanilj-1-8-ekologisk-1000g-arla-ko/2032855
Lätt crème fraiche 13% 2dl Arla Köket®,"17,90 kr","0.2L 89,50 kr/l",150 kcal,600 kJ,13 g,8.3 g,3.9 g,3.3 g,3.1 g,0.1 g,,,,,,,,,,,,,,,,,,,,,,,,,,,,,https://handlaprivatkund.ica.se/stores/1004181/products/l%C3%A4tt-cr%C3%A8me-fraiche-13-2dl-arla-k%C3%B6ket/1271167
Smör & Raps Normalsaltat 75% 500g Bregott®,"69,00 kr","0.5kg 138,00 kr/kg",678 kcal,2789 kJ,75 g,33 g,0.4 g,0.4 g,0.4 g,1.2 g,,20 µg,,8.7 g,28 g,950 µg,,,,,,,,,,,,,,,,,,,,,,,https://handlaprivatkund.ica.se/stores/1004181/products/sm%C3%B6r-raps-normalsaltat-75-500g-bregott/2129122
"Proteinmilkshake ProPud Cookies N´Cream Laktosfri 1,5% 330ml NJIE","26,90 kr","0.33L 81,52 kr/l",58 kcal,243 kJ,1.5 g,0.9 g,4.9 g,4.9 g,6.1 g,0.1 g,,,,,,,,,,,,,,,,,,,,,,,,,,,,,https://handlaprivatkund.ica.se/stores/1004181/products/proteinmilkshake-propud-cookies-n-cream-laktosfri-1-5-330ml-njie/2057862
Ädel Grädd 36% Blåmögelost 140g Kvibille®,"42,90 kr","0.14kg 306,43 kr/kg",398 kcal,1647 kJ,36 g,23 g,0.5 g,0.5 g,18 g,3 g,,,471 mg,,,,,,,,,,,,,,,,,,,,,,,,,,https://handlaprivatkund.ica.se/stores/1004181/products/%C3%A4del-gr%C3%A4dd-36-bl%C3%A5m%C3%B6gelost-140g-kvibille/1131646
Äppel apelsin & passionsfruktjuice Koncentrat 2dl ICA,"16,90 kr","1L 16,90 kr/l drickklar",44 kcal,184 kJ,0.5 g,0 g,11 g,11 g,0.5 g,0 g,,,,,,,,11 mg,,,,,,,,,,,,,,,,,,,,,https://handlaprivatkund.ica.se/stores/1004181/products/%C3%A4ppel-apelsin-passionsfruktjuice-koncentrat-2dl-ica/1411005
Filmjölk 3% 1000g Arla Ko®,"19,90 kr","1kg 19,90 kr/kg",58 kcal,245 kJ,3 g,1.9 g,3.7 g,3.7 g,3.5 g,0.09 g,,1 µg,122 mg,,,,,,,,,,,,,,,,,,,,,,,,,,https://handlaprivatkund.ica.se/stores/1004181/products/filmj%C3%B6lk-3-1000g-arla-ko/1447263
Yoghurtdryck Ayran Turkisk 500ml Larsa Foods,"15,90 kr","0.5L 31,80 kr/l",42 kcal,175 kJ,2.4 g,1.4 g,2.8 g,2.8 g,2.4 g,0.82 g,,,,,,,,,,,,,,,,,,,,,,,,,,,,,https://handlaprivatkund.ica.se/stores/1004181/products/yoghurtdryck-ayran-turkisk-500ml-larsa-foods/2011547
Vispgrädde Laktosfri 36% 5dl ICA,"42,90 kr","0.5L 85,80 kr/l",346 kcal,1427 kJ,36 g,23 g,3.2 g,3.2 g,2.4 g,0.06 g,,,,,,,,,,,,,,,,,,,,,,,,,,,,,https://handlaprivatkund.ica.se/stores/1004181/products/vispgr%C3%A4dde-laktosfri-36-5dl-ica/1455188
Färskost Vitlök laktosfri 100g Creme Bonjour,"18,90 kr","0.1kg 189,00 kr/kg",224 kcal,927 kJ,20 g,16 g,7 g,5.2 g,3.3 g,1.1 g,,,,,,,,,,,,,,,,,,,,,,,,,,,,,https://handlaprivatkund.ica.se/stores/1004181/products/f%C3%A4rskost-vitl%C3%B6k-laktosfri-100g-creme-bonjour/2044628
"Havredryck Barista Delight Glutenfri 1,5% 1000ml Oddlygood®","24,90 kr","1L 24,90 kr/l",43 kcal,181 kJ,1.5 g,0.2 g,6.3 g,3.1 g,1.1 g,0.08 g,0.4 µg,1 µg,120 mg,,,,,,0.21 mg,22.5 µg,,,,,,,,,,,,,,,,,,,https://handlaprivatkund.ica.se/stores/1004181/products/havredryck-barista-delight-glutenfri-1-5-1000ml-oddlygood/2169072
Proteinmilkshake Creamy Pear 330ml Barebells,"33,90 kr","0.33L 102,73 kr/l",58 kcal,244 kJ,1.4 g,0.9 g,3.8 g,3.6 g,7.3 g,0.19 g,,,,,,,,,,,,,,,,,,,,,,,,,,,,,https://handlaprivatkund.ica.se/stores/1004181/products/proteinmilkshake-creamy-pear-330ml-barebells/2036341
Mild Yoghurt Naturell 3% 1000g Arla Ko®,"24,90 kr","1kg 24,90 kr/kg",58 kcal,245 kJ,3 g,1.9 g,3.7 g,3.7 g,3.5 g,0.09 g,,1 µg,122 mg,,,,,,,,,,,,,,,,,,,,,,,,,,https://handlaprivatkund.ica.se/stores/1004181/products/mild-yoghurt-naturell-3-1000g-arla-ko/2032471
Cottage cheese Naturell 4% 500g ICA,"38,90 kr","0.5kg 77,80 kr/kg",100 kcal,410 kJ,4 g,2.5 g,1.8 g,1.8 g,13 g,0.8 g,,,,,,,,,,,,,,,,,,,,,,,,,,,,,https://handlaprivatkund.ica.se/stores/1004181/products/cottage-cheese-naturell-4-500g-ica/1456979
Havredryck Iskaffe Mocha Brownie Glutenfri 250ml Oddlygood®,"19,90 kr","0.25L 79,60 kr/l",58 kcal,246 kJ,1.5 g,0.2 g,9.9 g,5.7 g,1.3 g,0.13 g,0.4 µg,1 µg,120 mg,,,,,,0.21 mg,22.5 µg,,,,,,,,,,,,,,,,,,,https://handlaprivatkund.ica.se/stores/1004181/products/havredryck-iskaffe-mocha-brownie-glutenfri-250ml-oddlygood/2151901
Räkost 17% 250g Fjällbrynt,"48,90 kr","0.25kg 195,60 kr/kg",220 kcal,900 kJ,17 g,11 g,0.4 g,0.1 g,15 g,2.5 g,,,,,,,,,,,,,,,,,,,,,,,,,,,,,https://handlaprivatkund.ica.se/stores/1004181/products/r%C3%A4kost-17-250g-fj%C3%A4llbrynt/1427833
Färsk vispgrädde 40% 3dl Arla Ko®,"31,90 kr","0.3L 106,33 kr/l",375 kcal,1565 kJ,40 g,26 g,2.9 g,2.9 g,2.2 g,0.05 g,,,,,,344 µg,,,,,,,,,,13 µg,,,,,,,,,,,,,https://handlaprivatkund.ica.se/stores/1004181/products/f%C3%A4rsk-vispgr%C3%A4dde-40-3dl-arla-ko/2012552
Tranbärsdryck Ekologisk 1l KRAV Finnerödja,"37,90 kr","1L 37,90 kr/l",37 kcal,156 kJ,0 g,0 g,8.4 g,8.4 g,0 g,0 g,,,,,,,,,,,,,,,,,,,,,,,,,,,,,https://handlaprivatkund.ica.se/stores/1004181/products/tranb%C3%A4rsdryck-ekologisk-1l-krav-finner%C3%B6dja/1506291
"Havremellanmål Proteingurt Citrus Glutenfri 1,7% 400g Oddlygood®","31,90 kr","0.4kg 79,75 kr/kg",92 kcal,382 kJ,1.7 g,0.7 g,13 g,8.5 g,4.7 g,0.12 g,0.4 µg,1 µg,120 mg,,,,,,0.21 mg,22.5 µg,,,,,,,,,,,,,,,,,,,https://handlaprivatkund.ica.se/stores/1004181/products/havremellanm%C3%A5l-proteingurt-citrus-glutenfri-1-7-400g-oddlygood/2151544
Havredryck iKaffe Barista 3% 1l Oatly,"25,90 kr","1L 25,90 kr/l",,,,,,,,,,,,,,,,,,,,,,,,,,,,,,,,,,,,,https://handlaprivatkund.ica.se/stores/1004181/products/havredryck-ikaffe-barista-3-1l-oatly/2107755
Ärtdryck Barista 1000ml Sproud,"26,90 kr","1L 26,90 kr/l",40 kcal,180 kJ,3 g,0.2 g,1.9 g,1.9 g,2 g,0.12 g,0.38 µg,1 µg,120 mg,,,,,,0.21 mg,,,,,,,,,,,,,,,,,,,,https://handlaprivatkund.ica.se/stores/1004181/products/%C3%A4rtdryck-barista-1000ml-sproud/2033284
"Grekisk Yoghurt Naturell 0,2% 1000g Arla®","35,00 kr","1kg 35,00 kr/kg",60 kcal,260 kJ,0.2 g,0.1 g,4 g,4 g,10 g,0.14 g,,,,,,,,,,,,,,,,,,,,,,,,,,,,,https://handlaprivatkund.ica.se/stores/1004181/products/grekisk-yoghurt-naturell-0-2-1000g-arla/2080622
Grevé 28% mellan ca 750g ICA,Ca,"Ca 0.75kg 143,00 kr/kg",360 kcal,1500 kJ,28 g,18 g,0 g,0 g,27 g,1.2 g,,,750 mg,,,,,,,,,,,,,,,,,,,,,,,,,,https://handlaprivatkund.ica.se/stores/1004181/products/grev%C3%A9-28-mellan-ca-750g-ica/1499880
Citron måltidsdryck 2dl ICA,"8,90 kr","1L 8,90 kr/l drickklar",,,,,,,,,,,,,,,,,,,,,,,,,,,,,,,,,,,,,https://handlaprivatkund.ica.se/stores/1004181/products/citron-m%C3%A5ltidsdryck-2dl-ica/1514881
Havredryck Naturell KRAV 1l ICA I love eco,"20,90 kr","1L 20,90 kr/l",40 kcal,150 kJ,0.5 g,0.5 g,6.7 g,4.1 g,1 g,0.1 g,,1.1 µg,,,,,0.8 g,,,,,,,,,,,,,,,,,,,,,,https://handlaprivatkund.ica.se/stores/1004181/products/havredryck-naturell-krav-1l-ica-i-love-eco/2035619
Smoothie Recharge 300ml Innocent,"33,90 kr","0.3L 113,00 kr/l exkl pant",,,,,,,,,,,,,,,,,,,,,,,,,,,,,,,,,,,,,https://handlaprivatkund.ica.se/stores/1004181/products/smoothie-recharge-300ml-innocent/2057758
Drickkvarg Hallon & Vanilj 330ml Lindahls,"22,90 kr","0.33L 69,39 kr/l",50 kcal,220 kJ,0.8 g,0.5 g,3.7 g,3.3 g,6.7 g,0.1 g,,,,,,,,,,,,,,,,,,,,,,,,,,,,,https://handlaprivatkund.ica.se/stores/1004181/products/drickkvarg-hallon-vanilj-330ml-lindahls/1527508
Vaniljsås Klassisk 10% 5dl Dreamy Dessert,"37,90 kr","0.5L 75,80 kr/l",170 kcal,750 kJ,10 g,6.4 g,18 g,15 g,3.2 g,0.1 g,,,,,,,,,,,,,,,,,,,,,,,,,,,,,https://handlaprivatkund.ica.se/stores/1004181/products/vaniljs%C3%A5s-klassisk-10-5dl-dreamy-dessert/2092204
Fruktdryck Mango 1l Proviva,"43,90 kr","1L 43,90 kr/l",42 kcal,180 kJ,0.1 g,0 g,10 g,9.5 g,0.2 g,0.03 g,,,,,,,0.5 g,35 mg,,,,,,,,,,,,,,,,,,,,,https://handlaprivatkund.ica.se/stores/1004181/products/fruktdryck-mango-1l-proviva/2038955
Sojadryck Naturell 1l ICA,"22,90 kr","1L 22,90 kr/l",40 kcal,180 kJ,1.9 g,0.3 g,2.8 g,2.7 g,3.2 g,0.1 g,0.38 µg,0.75 µg,120 mg,,,,0.5 g,,0.21 mg,,,,,,,,,,,,,,,,,,,,https://handlaprivatkund.ica.se/stores/1004181/products/sojadryck-naturell-1l-ica/2001383
Apelsinjuice Nypressad 1l ICA Selection,"61,00 kr","1L 61,00 kr/l exkl pant",41 kcal,174 kJ,0.5 g,0.5 g,9 g,9 g,0.7 g,0 g,,,,,,,,25 mg,,,,,,,,,,,,,,,,,,,,,https://handlaprivatkund.ica.se/stores/1004181/products/apelsinjuice-nypressad-1l-ica-selection/2030534
Färskost Naturell 200g Philadelphia,"29,90 kr","0.2kg 149,50 kr/kg",226 kcal,933 kJ,21 g,14 g,4.3 g,4.3 g,5.4 g,0.75 g,,,,,,,0.2 g,,,,,,,,,,,,,,,,,,,,,,https://handlaprivatkund.ica.se/stores/1004181/products/f%C3%A4rskost-naturell-200g-philadelphia/1023611
"Yoghurt Grekisk Blåbär Vanilj Laktosfri 4,7% 150g Valio","15,90 kr","0.15kg 106,00 kr/kg",112 kcal,470 kJ,4.7 g,2.8 g,12 g,11 g,4.8 g,0.1 g,,,,,,,,,,,,,,,,,,,,,,,,,,,,,https://handlaprivatkund.ica.se/stores/1004181/products/yoghurt-grekisk-bl%C3%A5b%C3%A4r-vanilj-laktosfri-4-7-150g-valio/2151772
Roquefort 100g ICA,"46,90 kr","0.1kg 469,00 kr/kg",365 kcal,1510 kJ,32 g,23 g,0.8 g,0 g,19 g,3.5 g,,,,,,,,,,,,,,,,,,,,,,,,,,,,,https://handlaprivatkund.ica.se/stores/1004181/products/roquefort-100g-ica/2044007
Matgrädde Laktosfri 10% 3dl Valio,"26,90 kr","0.3L 89,67 kr/l",119 kcal,494 kJ,10 g,5.9 g,5.6 g,2.5 g,1.7 g,0.19 g,,,,,,,,,,,,,,,,,,,,,,,,,,,,,https://handlaprivatkund.ica.se/stores/1004181/products/matgr%C3%A4dde-laktosfri-10-3dl-valio/2117623
"Kvarg Blåbär & Vanilj Utan tillsatt socker 0,2% 150g Lindahls","14,90 kr","0.15kg 99,33 kr/kg",60 kcal,250 kJ,0.2 g,0 g,3.5 g,3.5 g,10 g,0.1 g,,,,,,,,,,,,,,,,,,,,,,,,,,,,,https://handlaprivatkund.ica.se/stores/1004181/products/kvarg-bl%C3%A5b%C3%A4r-vanilj-utan-tillsatt-socker-0-2-150g-lindahls/2011432
Bredbart Smör Gårdsgoda Normalsaltat 57% 500g Valio,"61,00 kr","0.5kg 122,00 kr/kg",507 kcal,2123 kJ,57 g,22 g,0.5 g,0.5 g,0.3 g,0.9 g,,20 µg,,,,,,,,,,,,,,,,,,,,,,,,,,,https://handlaprivatkund.ica.se/stores/1004181/products/bredbart-sm%C3%B6r-g%C3%A5rdsgoda-normalsaltat-57-500g-valio/2135000
"Hälsofil 3,5% Jordgubb Smultron 1000g Verum®","36,90 kr","1kg 36,90 kr/kg",80 kcal,330 kJ,3.5 g,2.3 g,8.2 g,7.8 g,3 g,0.1 g,,0.88 µg,125 mg,,,,,13 mg,,,,,,,,,,,,,,,,,,,,,https://handlaprivatkund.ica.se/stores/1004181/products/h%C3%A4lsofil-3-5-jordgubb-smultron-1000g-verum/2057837
Yoghurt Naturell 3% 1000g Arla Ko®,"24,90 kr","1kg 24,90 kr/kg",58 kcal,245 kJ,3 g,1.9 g,3.7 g,3.7 g,3.5 g,0.09 g,,1 µg,122 mg,,,,,,,,,,,,,,,,,,,,,,,,,,https://handlaprivatkund.ica.se/stores/1004181/products/yoghurt-naturell-3-1000g-arla-ko/2032482
"Havredryck Naturell 1,5% Ekologisk 1l Oatly","26,90 kr","1L 26,90 kr/l",48 kcal,203 kJ,1.5 g,0.2 g,7.2 g,3.5 g,1.1 g,0.1 g,,1.1 µg,,,,,0.8 g,,,,,,,,,,,,,,,,,,,,,,https://handlaprivatkund.ica.se/stores/1004181/products/havredryck-naturell-1-5-ekologisk-1l-oatly/2023908
Cottage Cheese Vanilj 500g KESO®,"48,90 kr","0.5kg 97,80 kr/kg",90 kcal,390 kJ,2.9 g,1.9 g,5 g,4.2 g,12 g,0.4 g,,,,,,,,,,,,,,,,,,,,,,,,,,,,,https://handlaprivatkund.ica.se/stores/1004181/products/cottage-cheese-vanilj-500g-keso/2057861
"Fruktyoghurt Sommarbär Laktosfri 2,1% 1l Valio","40,90 kr","1kg 40,90 kr/kg",73 kcal,307 kJ,2.1 g,1.2 g,9.3 g,8.9 g,3.6 g,0.1 g,,1 µg,120 mg,,,,,,,,,,,,,,,,,,,,,,,,,,https://handlaprivatkund.ica.se/stores/1004181/products/fruktyoghurt-sommarb%C3%A4r-laktosfri-2-1-1l-valio/1377820
Ananasdryck Drickfärdig 1l Fontana,"31,90 kr","1L 31,90 kr/l",55 kcal,232 kJ,0.5 g,0 g,11.8 g,10.5 g,0.5 g,0.01 g,,,,,,,0.5 g,22 mg,,,,,,,,,,,,,,,,,,,,,https://handlaprivatkund.ica.se/stores/1004181/products/ananasdryck-drickf%C3%A4rdig-1l-fontana/1329315
Smoothie Persika & Passion 250ml Froosh,"20,00 kr","0.25L 80,00 kr/l",68 kcal,288 kJ,0 g,0 g,15 g,12 g,0.8 g,0 g,,,,,,,1.1 g,,,,,,,,,,,,,,,,,,,,,,https://handlaprivatkund.ica.se/stores/1004181/products/smoothie-persika-passion-250ml-froosh/2018605
Lättdryck Fläderblom Koncentrat 2dl BOB,"11,90 kr","1L 11,90 kr/l drickklar",30 kcal,120 kJ,0 g,0 g,6.3 g,6 g,0 g,0 g,,,,,,,,12 mg,,,,,,,,,,,,,,,,,,,,,https://handlaprivatkund.ica.se/stores/1004181/products/l%C3%A4ttdryck-fl%C3%A4derblom-koncentrat-2dl-bob/1023241
"Grekisk Yoghurt Jordgubb 0,2% 1000g Arla®","35,00 kr","1kg 35,00 kr/kg",60 kcal,250 kJ,0.2 g,0.1 g,4.4 g,3.8 g,8.7 g,0.13 g,,,,,,,,,,,,,,,,,,,,,,,,,,,,,https://handlaprivatkund.ica.se/stores/1004181/products/grekisk-yoghurt-jordgubb-0-2-1000g-arla/2080621
Smoothie Energi Frukt & Grönt 300ml Brämhults,"36,90 kr","0.3L 123,00 kr/l exkl pant",56 kcal,235 kJ,0 g,0 g,13 g,12 g,0.5 g,0.01 g,,,,,,,0.8 g,40 mg,,,,,,,,,,,,,,,,,,,,,https://handlaprivatkund.ica.se/stores/1004181/products/smoothie-energi-frukt-gr%C3%B6nt-300ml-br%C3%A4mhults/2062998
Måltidsdryck Äpple 2dl ICA,"8,90 kr","1L 8,90 kr/l drickklar",,,,,,,,,,,,,,,,,,,,,,,,,,,,,,,,,,,,,https://handlaprivatkund.ica.se/stores/1004181/products/m%C3%A5ltidsdryck-%C3%A4pple-2dl-ica/1514878
"Cottage cheese Mini 1,5% 500g KESO®","39,90 kr","0.5kg 79,80 kr/kg",80 kcal,330 kJ,1.5 g,1 g,3.1 g,2.5 g,13 g,0.8 g,,,,,,,,,,,,,,,,,,,,,,,,,,,,,https://handlaprivatkund.ica.se/stores/1004181/products/cottage-cheese-mini-1-5-500g-keso/1287920
Ägg Frigående inomhus M/L 24-p ICA,"77,00 kr","24 per frp 3,21 kr/st",140 kcal,600 kJ,9.7 g,2.6 g,0.5 g,0.5 g,12 g,0.4 g,,,,,,,,,,,,,,,,,,,,,,,,,,,,,https://handlaprivatkund.ica.se/stores/1004181/products/%C3%A4gg-frig%C3%A5ende-inomhus-m-l-24-p-ica/2079649
"Havredryck Naturell 2,8% 1l Oatly","22,90 kr","1L 22,90 kr/l",59 kcal,248 kJ,2.8 g,0.3 g,7 g,3.4 g,1.1 g,0.1 g,0.38 µg,1.1 µg,120 mg,,,,0.8 g,,0.21 mg,22.5 µg,,,,,,,,,,,,,,,,,,,https://handlaprivatkund.ica.se/stores/1004181/products/havredryck-naturell-2-8-1l-oatly/2107756
Cottage cheese Naturell 4% 250g KESO®,"22,90 kr","0.25kg 91,60 kr/kg",100 kcal,410 kJ,4 g,2.6 g,1.7 g,1.7 g,14 g,0.8 g,,,,,,,,,,,,,,,,,,,,,,,,,,,,,https://handlaprivatkund.ica.se/stores/1004181/products/cottage-cheese-naturell-4-250g-keso/1201510
"Cottage Cheese Mini Naturell 1,5% 500g ICA","38,90 kr","0.5kg 77,80 kr/kg",80 kcal,330 kJ,1.5 g,1 g,3.2 g,2.7 g,12 g,0.8 g,,,,,,,,,,,,,,,,,,,,,,,,,,,,,https://handlaprivatkund.ica.se/stores/1004181/products/cottage-cheese-mini-naturell-1-5-500g-ica/1521157
Yoghurt Grekisk Naturell 10% 1000g Salakis,"60,00 kr","1kg 60,00 kr/kg",130 kcal,530 kJ,10 g,6.5 g,3.7 g,3.7 g,4.6 g,0.1 g,,,,,,,,,,,,,,,,,,,,,,,,,,,,,https://handlaprivatkund.ica.se/stores/1004181/products/yoghurt-grekisk-naturell-10-1000g-salakis/2092056
"Lättfil Natuell 0,5% 1000g Arla Ko®","19,90 kr","1kg 19,90 kr/kg",37 kcal,156 kJ,0.5 g,0.3 g,3.8 g,3.8 g,3.6 g,0.09 g,,1 µg,125 mg,,,,,,,,,,,,,,,,,,,,,,,,,,https://handlaprivatkund.ica.se/stores/1004181/products/l%C3%A4ttfil-natuell-0-5-1000g-arla-ko/1447265
Herrgård mild 28% ca 1kg ICA,Ca,"Ca 1kg 138,00 kr/kg",360 kcal,1500 kJ,28 g,18 g,0 g,0 g,27 g,1.2 g,,,750 mg,,,,,,,,,,,,,,,,,,,,,,,,,,https://handlaprivatkund.ica.se/stores/1004181/products/herrg%C3%A5rd-mild-28-ca-1kg-ica/1465099
"Färsk mellanmjölk 1,5% 1,5l Arla Ko®","25,90 kr","1.5L 17,27 kr/l",47 kcal,195 kJ,1.5 g,1 g,4.7 g,4.7 g,3.5 g,0.09 g,0.4 µg,1 µg,124 mg,,,,,,0.14 mg,,0.5 mg,160 mg,92 mg,139 mg,3.8 µg,,,,,,,,,,,,,,https://handlaprivatkund.ica.se/stores/1004181/products/f%C3%A4rsk-mellanmj%C3%B6lk-1-5-1-5l-arla-ko/1272664
Mascarpone 250g Zeta,"46,90 kr","0.25kg 187,60 kr/kg",355 kcal,1463 kJ,36 g,25 g,3 g,3 g,5.8 g,0.07 g,,,,,,,,,,,,,,,,,,,,,,,,,,,,,https://handlaprivatkund.ica.se/stores/1004181/products/mascarpone-250g-zeta/1395406
Proteinmilkshake Banan 330ml Barebells,"33,90 kr","0.33L 102,73 kr/l",59 kcal,247 kJ,1.5 g,1 g,3.7 g,3.6 g,7.3 g,0.21 g,,,,,,,,,,,,,,,,,84 mg,,,,,,,,,,,,https://handlaprivatkund.ica.se/stores/1004181/products/proteinmilkshake-banan-330ml-barebells/2005974
"Grekisk Yoghurt Vanilj 0,2% 200g Arla®","17,90 kr","0.2kg 89,50 kr/kg",60 kcal,230 kJ,0.2 g,0.1 g,4 g,3.5 g,8.8 g,0.1 g,,,,,,,,,,,,,,,,,,,,,,,,,,,,,https://handlaprivatkund.ica.se/stores/1004181/products/grekisk-yoghurt-vanilj-0-2-200g-arla/2112755
Parmesan Parmigiano reggiano lagrad 200g Zeta,"113,00 kr","0.2kg 565,00 kr/kg",402 kcal,1671 kJ,30 g,20 g,0 g,0 g,32 g,1.6 g,,,,,,,,,,,,,,,,,,,,,,,,,,,,,https://handlaprivatkund.ica.se/stores/1004181/products/parmesan-parmigiano-reggiano-lagrad-200g-zeta/1313442
Ost Präst skivad 31% 150g ICA,"38,90 kr","0.15kg 259,33 kr/kg",380 kcal,1600 kJ,31 g,20 g,0 g,0 g,26 g,1.2 g,,,710 mg,,,,,,,,,,,,,,,,,,,,,,,,,,https://handlaprivatkund.ica.se/stores/1004181/products/ost-pr%C3%A4st-skivad-31-150g-ica/2022197
"Kokosdryck osötad 1,2% 1l Alpro","32,90 kr","1L 32,90 kr/l",14 kcal,56 kJ,1.2 g,1.1 g,0 g,0 g,0.1 g,0.07 g,0.38 µg,0.75 µg,120 mg,,,,0 g,,,,,,,,,,,,,,,,,,,,,,https://handlaprivatkund.ica.se/stores/1004181/products/kokosdryck-os%C3%B6tad-1-2-1l-alpro/2038826
Havredryck Barista Salt Karamell 3% 1000ml Oddlygood®,"31,90 kr","1L 31,90 kr/l",,,,,,,,,,,,,,,,,,,,,,,,,,,,,,,,,,,,,https://handlaprivatkund.ica.se/stores/1004181/products/havredryck-barista-salt-karamell-3-1000ml-oddlygood/2107515
Mjölkdryck Laktosfri 3% 1l Arla Ko®,"24,90 kr","1L 24,90 kr/l",50 kcal,209 kJ,3 g,1.9 g,2.5 g,2.4 g,3.3 g,0.08 g,0.39 µg,1 µg,110 mg,,,,,,0.12 mg,,,,,,,,,,,,,,,,,,,,https://handlaprivatkund.ica.se/stores/1004181/products/mj%C3%B6lkdryck-laktosfri-3-1l-arla-ko/1413522
"Sojadryck Original Kalcium 1,8% 1l Alpro","28,90 kr","1L 28,90 kr/l",39 kcal,163 kJ,1.8 g,0.3 g,2.5 g,2.5 g,3 g,0.09 g,0.38 µg,0.75 µg,120 mg,,,,0.5 g,,0.21 mg,,,,,,,,,,,,,,,,,,,,https://handlaprivatkund.ica.se/stores/1004181/products/sojadryck-original-kalcium-1-8-1l-alpro/1465006
Snackost orginal 6st 120g Mini Babybel,"38,90 kr","0.12kg 324,17 kr/kg",295 kcal,1225 kJ,23 g,15.5 g,0.01 g,0.01 g,22 g,1.7 g,,,680 mg,,,,,,,,,,,,,,,,,,,,,,,,,,https://handlaprivatkund.ica.se/stores/1004181/products/snackost-orginal-6st-120g-mini-babybel/2107263
Gårdsägg M/L 10-p ICA,"48,90 kr","10 per frp 4,89 kr/st",140 kcal,600 kJ,9.7 g,2.6 g,0.5 g,0.5 g,12 g,0.4 g,,,,,,,,,,,,,,,,,,,,,,,,,,,,,https://handlaprivatkund.ica.se/stores/1004181/products/g%C3%A5rds%C3%A4gg-m-l-10-p-ica/1515373
Frukostägg Frigående inomhus M 12-p Kronägg,"47,90 kr","12 per frp 3,99 kr/st",140 kcal,580 kJ,9.7 g,2.6 g,0.5 g,0 g,12 g,0.36 g,1.5 µg,1.4 µg,,,,233 µg,,,0.5 mg,28.6 µg,,,,,,,,5.6 mg,,23 µg,,,,,,,,,https://handlaprivatkund.ica.se/stores/1004181/products/frukost%C3%A4gg-frig%C3%A5ende-inomhus-m-12-p-kron%C3%A4gg/1430962
Kefir Persika Laktosfri 250ml Valio,"19,90 kr","0.25L 79,60 kr/l",58 kcal,246 kJ,1.3 g,0.8 g,7.6 g,7.1 g,3.3 g,0.12 g,0.19 µg,1.5 µg,120 mg,,,,,40 mg,,,,,,,,,,,,,1 mg,,,,,,,,https://handlaprivatkund.ica.se/stores/1004181/products/kefir-persika-laktosfri-250ml-valio/2169113
Bordsmargarin Smörgås Mjölkfritt 400g ICA,"27,90 kr","0.4kg 69,75 kr/kg",630 kcal,2590 kJ,70 g,20 g,0 g,0 g,0 g,0.7 g,,20 µg,,15 g,32 g,900 µg,,,,,,,,,,,,,,,,,,,,,,,https://handlaprivatkund.ica.se/stores/1004181/products/bordsmargarin-sm%C3%B6rg%C3%A5s-mj%C3%B6lkfritt-400g-ica/1505946
Visp Bondböna 23% 500ml ICA,"33,90 kr","0.5L 67,80 kr/l",250 kcal,1046 kJ,23 g,22 g,10 g,5 g,0.8 g,0.1 g,,,,,,,,,,,,,,,,,,,,,,,,,,,,,https://handlaprivatkund.ica.se/stores/1004181/products/visp-bondb%C3%B6na-23-500ml-ica/2141191
Mozzarella 125g Galbani,"24,90 kr","0.125kg 199,20 kr/kg u. spad",238 kcal,989 kJ,18 g,13 g,2 g,1 g,17 g,0.7 g,,,,,,,,,,,,,,,,,,,,,,,,,,,,,https://handlaprivatkund.ica.se/stores/1004181/products/mozzarella-125g-galbani/1268699
Grana Padano Flarn 100g Zeta,"53,00 kr","0.1kg 530,00 kr/kg",398 kcal,1654 kJ,29 g,18 g,0 g,0 g,33 g,1.5 g,,,,,,,,,,,,,,,,,,,,,,,,,,,,,https://handlaprivatkund.ica.se/stores/1004181/products/grana-padano-flarn-100g-zeta/1428110
"Proteinkvarg Jordgubb 0,2% 900g Lindahls","54,00 kr","0.9kg 60,00 kr/kg",58 kcal,246 kJ,0.2 g,0.1 g,3.4 g,3.1 g,10 g,0.1 g,,,,,,,,,,,,,,,,,,,,,,,,,,,,,https://handlaprivatkund.ica.se/stores/1004181/products/proteinkvarg-jordgubb-0-2-900g-lindahls/2169188
Havredryck iKaffe Light 1000ml Oatly,"24,90 kr","1L 24,90 kr/l",52 kcal,220 kJ,2.1 g,0.2 g,7 g,3.4 g,1.1 g,0.1 g,0.24 µg,1.1 µg,120 mg,,,,0.8 g,,0.21 mg,22.5 µg,,,,,,,,,,,,,,,,,,,https://handlaprivatkund.ica.se/stores/1004181/products/havredryck-ikaffe-light-1000ml-oatly/2141919
"Yoghurt Mini Kokos Ananas 0,1% 1000g Yoggi®","35,90 kr","1kg 35,90 kr/kg",35 kcal,148 kJ,0.1 g,0.1 g,4.3 g,3.9 g,3.6 g,0.08 g,,0.9 µg,,,,,,,,,,,,,,,,,,,,,,,,,,,https://handlaprivatkund.ica.se/stores/1004181/products/yoghurt-mini-kokos-ananas-0-1-1000g-yoggi/2151648
Yoghurt Vanilj & Nötter 190g Tine,"21,90 kr","0.19kg 115,26 kr/kg",143 kcal,598 kJ,8.1 g,2.3 g,12 g,9.5 g,5.5 g,0.1 g,,,,,,,1 g,,,,,,,,,,,,,,,,,,,,,,https://handlaprivatkund.ica.se/stores/1004181/products/yoghurt-vanilj-n%C3%B6tter-190g-tine/2141775
"Färsk lättmjölk 0,5% Ekologisk 1l Arla Ko®","19,90 kr","1L 19,90 kr/l",38 kcal,160 kJ,0.5 g,0.3 g,4.7 g,4.7 g,3.6 g,0.09 g,0.4 µg,1 µg,124 mg,,,,,,0.14 mg,,0.5 mg,160 mg,92 mg,139 mg,3.8 µg,,,,,,,,,,,,,,https://handlaprivatkund.ica.se/stores/1004181/products/f%C3%A4rsk-l%C3%A4ttmj%C3%B6lk-0-5-ekologisk-1l-arla-ko/1390122
"Färsk lantmjölk 3,8-4,5% Ekologisk 1l Arla Ko®","24,90 kr","1L 24,90 kr/l",70 kcal,291 kJ,4.2 g,2.7 g,4.6 g,4.6 g,3.4 g,0.09 g,0.4 µg,,124 mg,,,,,,0.14 mg,,0.5 mg,160 mg,92 mg,139 mg,3.8 µg,,,,,,,,,,,,,,https://handlaprivatkund.ica.se/stores/1004181/products/f%C3%A4rsk-lantmj%C3%B6lk-3-8-4-5-ekologisk-1l-arla-ko/1398306
Havredryck iKaffe Popcorn 1000ml Oatly,"32,90 kr","1L 32,90 kr/l",70 kcal,293 kJ,3.2 g,0.3 g,8.8 g,5.1 g,1.1 g,0.19 g,0.24 µg,0.5 µg,120 mg,,,,0.8 g,,0.21 mg,,,,,,,,,,,,,,,,,,,,https://handlaprivatkund.ica.se/stores/1004181/products/havredryck-ikaffe-popcorn-1000ml-oatly/2169081
Mellanmål Jordgubb 175g Risifrutti,"16,90 kr","0.175kg 96,57 kr/kg",112 kcal,470 kJ,3.4 g,2.6 g,17 g,10 g,3.1 g,0.15 g,,,,,,,,,,,,,,,,,,,,,,,,,,,,,https://handlaprivatkund.ica.se/stores/1004181/products/mellanm%C3%A5l-jordgubb-175g-risifrutti/1023582
Barista For Professionals Kokosnöt 1l Alpro,"32,90 kr","1L 32,90 kr/l",33 kcal,139 kJ,1.4 g,0.7 g,3.3 g,3.3 g,1.5 g,0.1 g,,,120 mg,,0.2 g,,0.2 g,,,,,,,,,,,,,,,,,,,,,,https://handlaprivatkund.ica.se/stores/1004181/products/barista-for-professionals-kokosn%C3%B6t-1l-alpro/2063452
Sojadryck High Protein Chokladsmak 1l Alpro,"30,90 kr","1L 30,90 kr/l",69 kcal,291 kJ,2.8 g,0.6 g,5.3 g,5 g,5 g,0.16 g,,0.75 µg,120 mg,1.6 g,0.6 g,,1.3 g,,0.21 mg,,,,,,,,0.06 g,,,,,,,,,,,,https://handlaprivatkund.ica.se/stores/1004181/products/sojadryck-high-protein-chokladsmak-1l-alpro/2053257
Kvarg Citron Laktosfri 7% 200g Valio,"20,90 kr","0.2kg 104,50 kr/kg",153 kcal,643 kJ,7 g,4.1 g,15 g,15 g,7.2 g,0.1 g,,,,,,,,,,,,,,,,,,,,,,,,,,,,,https://handlaprivatkund.ica.se/stores/1004181/products/kvarg-citron-laktosfri-7-200g-valio/1470802
"Kvarg Mild Hallon 0,2% Laktosfri 1000g Arla®","35,00 kr","1kg 35,00 kr/kg",60 kcal,260 kJ,0.2 g,0.1 g,4.4 g,3.8 g,9.5 g,0.1 g,,,,,,,,,,,,,,,,,,,,,,,,,,,,,https://handlaprivatkund.ica.se/stores/1004181/products/kvarg-mild-hallon-0-2-laktosfri-1000g-arla/2096737
Mesost Gudbrandsdalen 29% 500g Wernersson Ost,"80,00 kr","0.5kg 160,00 kr/kg",441 kcal,1835 kJ,28 g,19 g,35 g,30 g,10 g,0.7 g,,,,,,,,,,,,,,,,,,,,,,,,,,,,,https://handlaprivatkund.ica.se/stores/1004181/products/mesost-gudbrandsdalen-29-500g-wernersson-ost/1267914
Saganaki 34% 150g Fontana,"58,00 kr","0.15kg 386,67 kr/kg",417 kcal,1747 kJ,34 g,23 g,0.5 g,0.5 g,27 g,1.7 g,,,,,,,,,,,,,,,,,,,,,,,,,,,,,https://handlaprivatkund.ica.se/stores/1004181/products/saganaki-34-150g-fontana/1506648
Jäst för matbröd 50g Kronjäst,"4,90 kr","0.05kg 98,00 kr/kg",108 kcal,452 kJ,1.7 g,0.3 g,6 g,4.4 g,13 g,0.05 g,,,,,,,8.1 g,,,,,,,,,,,,,,,,,,,,,,https://handlaprivatkund.ica.se/stores/1004181/products/j%C3%A4st-f%C3%B6r-matbr%C3%B6d-50g-kronj%C3%A4st/1023357
Crème fraiche 32% 2dl Arla Köket®,"20,90 kr","0.2L 104,50 kr/l",310 kcal,1300 kJ,32 g,20 g,2.4 g,2.4 g,2.4 g,0.1 g,,,,,,300 µg,,,,,,,,,,,,,,,,,,,,,,,https://handlaprivatkund.ica.se/stores/1004181/products/cr%C3%A8me-fraiche-32-2dl-arla-k%C3%B6ket/1201468
Gräddfil 12% 3dl Arla Ko®,"19,90 kr","0.3L 66,33 kr/l",140 kcal,550 kJ,12 g,7.7 g,3.4 g,3.4 g,3.1 g,0.1 g,,,,,,,,,,,,,,,,,,,,,,,,,,,,,https://handlaprivatkund.ica.se/stores/1004181/products/gr%C3%A4ddfil-12-3dl-arla-ko/1428019
Yoghurt Blue Boost Blåbär Granatäpple 3% 1000g Verum,"38,90 kr","1kg 38,90 kr/kg",80 kcal,320 kJ,3 g,1.9 g,8.3 g,7.9 g,3.1 g,0.1 g,,0.88 µg,130 mg,,,,,13 mg,,,,,,,,,,,,,,,,,,,,,https://handlaprivatkund.ica.se/stores/1004181/products/yoghurt-blue-boost-bl%C3%A5b%C3%A4r-granat%C3%A4pple-3-1000g-verum/2151642
"Grekisk Yoghurt Mango 4,8% 150g Valio","15,90 kr","0.15kg 106,00 kr/kg",117 kcal,492 kJ,4.8 g,2.8 g,13 g,12 g,4.9 g,0.1 g,,,,,,,,,,,,,,,,,,,,,,,,,,,,,https://handlaprivatkund.ica.se/stores/1004181/products/grekisk-yoghurt-mango-4-8-150g-valio/2101653
Veganost Vegoumi 100g Vegoumi,"29,90 kr","0.1kg 299,00 kr/kg",204 kcal,854 kJ,11 g,7 g,24 g,1 g,1.4 g,2.3 g,2.5 µg,,,,,,1.4 g,,,,,,,,,,,,,,,,,,,,,,https://handlaprivatkund.ica.se/stores/1004181/products/veganost-vegoumi-100g-vegoumi/2141887
"Standardmjölk 3,0% Ekologisk 3dl Arla Ko®","10,90 kr","0.3L 36,33 kr/l",59 kcal,248 kJ,3 g,1.9 g,4.6 g,4.6 g,3.5 g,0.09 g,0.4 µg,1 µg,124 mg,,,,,,0.14 mg,,0.5 mg,160 mg,92 mg,139 mg,3.8 µg,,,,,,,,,,,,,,https://handlaprivatkund.ica.se/stores/1004181/products/standardmj%C3%B6lk-3-0-ekologisk-3dl-arla-ko/1338732
Färskost Original Laktosfri 175g Philadelphia,"38,90 kr","0.175kg 222,29 kr/kg",221 kcal,915 kJ,21 g,14 g,3.2 g,3.2 g,5.4 g,0.85 g,,,,,,,0.2 g,,,,,,,,,,,,,,,,,,,,,,https://handlaprivatkund.ica.se/stores/1004181/products/f%C3%A4rskost-original-laktosfri-175g-philadelphia/1454620
Lättdryck Vattenmelon & hallon Koncentrat 2dl BOB,"11,90 kr","1L 11,90 kr/l drickklar",30 kcal,110 kJ,0 g,0 g,6.5 g,6.5 g,0 g,0 g,,,,,,,,12 mg,,,,,,,,,,,,,,,,,,,,,https://handlaprivatkund.ica.se/stores/1004181/products/l%C3%A4ttdryck-vattenmelon-hallon-koncentrat-2dl-bob/1471391
Ost Mellanlagrad Folke 31% ca 750g ICA,Ca,"Ca 0.75kg 175,00 kr/kg",380 kcal,1600 kJ,31 g,20 g,0 g,0 g,26 g,1.2 g,,,710 mg,,,,,,,,,,,,,,,,,,,,,,,,,,https://handlaprivatkund.ica.se/stores/1004181/products/ost-mellanlagrad-folke-31-ca-750g-ica/2002077
Yoghurt Original Skogsbär 2% 1000g Yoggi®,"36,90 kr","1kg 36,90 kr/kg",80 kcal,350 kJ,2 g,1.3 g,12 g,11 g,3.4 g,0.1 g,,0.93 µg,,,,,,,,,,,,,,,,,,,,,,,,,,,https://handlaprivatkund.ica.se/stores/1004181/products/yoghurt-original-skogsb%C3%A4r-2-1000g-yoggi/1202446
Protein Mjölkdryck Blåbär 5dl Arla®,"22,90 kr","0.5L 45,80 kr/l",45 kcal,189 kJ,0.5 g,0.3 g,4.7 g,4.7 g,5.3 g,0.09 g,0.44 µg,1 µg,176 mg,,,,,,0.14 mg,,0.51 mg,158 mg,100 mg,169 mg,,,,,,,,,,,,,,,https://handlaprivatkund.ica.se/stores/1004181/products/protein-mj%C3%B6lkdryck-bl%C3%A5b%C3%A4r-5dl-arla/1486318
Brie 200g ICA,"40,90 kr","0.2kg 204,50 kr/kg",357 kcal,1478 kJ,32 g,21 g,1 g,1 g,17 g,1.4 g,,,,,,,,,,,,,,,,,,,,,,,,,,,,,https://handlaprivatkund.ica.se/stores/1004181/products/brie-200g-ica/1432240
Yoghurt Turkisk Naturell 10% 1000g Salakis,"48,90 kr","1kg 48,90 kr/kg",129 kcal,528 kJ,10 g,6.6 g,5.1 g,5.1 g,4.2 g,0.13 g,,,,,,,,,,,,,,,,,,,,,,,,,,,,,https://handlaprivatkund.ica.se/stores/1004181/products/yoghurt-turkisk-naturell-10-1000g-salakis/1128801
"Mellanmjölkdryck Laktosfri Lång hållbarhet 1,5% 1l Arla®","26,90 kr","1L 26,90 kr/l",40 kcal,160 kJ,1.5 g,1 g,2.5 g,2.5 g,3.4 g,0.1 g,0.4 µg,1 µg,110 mg,,,,,,0.12 mg,21 µg,,,,,,,,,,,,,,,,,,,https://handlaprivatkund.ica.se/stores/1004181/products/mellanmj%C3%B6lkdryck-laktosfri-l%C3%A5ng-h%C3%A5llbarhet-1-5-1l-arla/1250894
Cottage Cheese Mellanmål Hasselnötter blåbär & tranbär 150g KESO®,"30,90 kr","0.145kg 213,10 kr/kg",143 kcal,600 kJ,6.5 g,1.3 g,8 g,6.9 g,13 g,0.68 g,,,,,,,,,,,,,,,,,,,,,,,,,,,,,https://handlaprivatkund.ica.se/stores/1004181/products/cottage-cheese-mellanm%C3%A5l-hasseln%C3%B6tter-bl%C3%A5b%C3%A4r-tranb%C3%A4r-150g-keso/1395609
Måltidsdryck Fläder 2dl ICA,"8,90 kr","1L 8,90 kr/l drickklar",26 kcal,111 kJ,0 g,0 g,6.5 g,6.5 g,0 g,0.01 g,,,,,,,,16 mg,,,,,,,,,,,,,,,,,,,,,https://handlaprivatkund.ica.se/stores/1004181/products/m%C3%A5ltidsdryck-fl%C3%A4der-2dl-ica/1514886
Lättdryck Svartvinbär Koncentrat 2dl BOB,"11,90 kr","1L 11,90 kr/l drickklar",30 kcal,110 kJ,0 g,0 g,6.2 g,6 g,0 g,0 g,,,,,,,,12 mg,,,,,,,,,,,,,,,,,,,,,https://handlaprivatkund.ica.se/stores/1004181/products/l%C3%A4ttdryck-svartvinb%C3%A4r-koncentrat-2dl-bob/1023242
Riven ost 500g ICA Basic,"66,00 kr","0.5kg 132,00 kr/kg",350 kcal,1450 kJ,28 g,19 g,1.7 g,0 g,23 g,1.9 g,,,,,,,,,,,,,,,,,,,,,,,,,,,,,https://handlaprivatkund.ica.se/stores/1004181/products/riven-ost-500g-ica-basic/1486362
Apelsinjuice med fruktkött 900ml Tropicana,"46,90 kr","0.9L 52,11 kr/l exkl pant",41 kcal,172 kJ,0 g,0 g,9 g,8 g,0.8 g,0.8 g,,,,,,,0.6 g,31 mg,,,,,,,,,,,,,,13 µg,,,,,,,https://handlaprivatkund.ica.se/stores/1004181/products/apelsinjuice-med-fruktk%C3%B6tt-900ml-tropicana/2038984
"Proteinmousse Choklad 1,8% Laktosfri 150g Valio PROfeel®","22,90 kr","0.15kg 152,67 kr/kg",89 kcal,376 kJ,1.8 g,1 g,5.7 g,4.9 g,12 g,0.3 g,,,300 mg,,,,,,,,,,,,,,,,,,,,,,,,,,https://handlaprivatkund.ica.se/stores/1004181/products/proteinmousse-choklad-1-8-laktosfri-150g-valio-profeel/2096433
Präst mellanlagrad skivad 31% 150g Arla Ko,"43,90 kr","0.15kg 292,67 kr/kg",384 kcal,1594 kJ,31 g,20 g,0 g,0 g,25 g,1.2 g,1.4 µg,,756 mg,,,,,,,,,,,,,,,,,,,,,,,,,,https://handlaprivatkund.ica.se/stores/1004181/products/pr%C3%A4st-mellanlagrad-skivad-31-150g-arla-ko/1131577
Smör Osaltat Svenskt 82% 250g Arla,"60,00 kr","0.25kg 240,00 kr/kg",747 kcal,3071 kJ,82 g,53 g,0.7 g,0.7 g,0.6 g,0 g,,,,1.9 g,21 g,731 µg,,,,,,,,,,,,,,,,,,,,,,,https://handlaprivatkund.ica.se/stores/1004181/products/sm%C3%B6r-osaltat-svenskt-82-250g-arla/1312004
Pecorino Färskriven 100g Zeta,"47,90 kr","0.1kg 479,00 kr/kg",436 kcal,1808 kJ,36 g,24 g,0.5 g,0.5 g,28 g,4.5 g,,,,,,,,,,,,,,,,,,,,,,,,,,,,,https://handlaprivatkund.ica.se/stores/1004181/products/pecorino-f%C3%A4rskriven-100g-zeta/1367986
iMat Visp 23% 250ml Oatly,"22,90 kr","0.25L 91,60 kr/l",253 kcal,1045 kJ,23 g,22 g,11 g,2.3 g,0.5 g,0.21 g,,,,,,,0.5 g,,,,,,,,,,,,,,,,,,,,,,https://handlaprivatkund.ica.se/stores/1004181/products/imat-visp-23-250ml-oatly/2063023
Yoghurt Turkisk Extra krämig 17% 500g Salakis,"43,90 kr","0.5kg 87,80 kr/kg",183 kcal,758 kJ,17 g,11.1 g,4.2 g,4.2 g,3.4 g,0.08 g,,,,,,,,,,,,,,,,,,,,,,,,,,,,,https://handlaprivatkund.ica.se/stores/1004181/products/yoghurt-turkisk-extra-kr%C3%A4mig-17-500g-salakis/1408363
"Småmål Kokos med hallon Laktosfri 4,9% 120g Alpro","20,90 kr","0.12kg 174,17 kr/kg",93 kcal,388 kJ,4.9 g,4.5 g,11.1 g,6.5 g,0.6 g,0.05 g,,,,,,,0.8 g,,,,,,,,,,,,,,,,,,,,,,https://handlaprivatkund.ica.se/stores/1004181/products/sm%C3%A5m%C3%A5l-kokos-med-hallon-laktosfri-4-9-120g-alpro/2169087
"Kefir Naturell Laktosfri 2,5% 1000g Arla Cultura®","29,90 kr","1kg 29,90 kr/kg",54 kcal,228 kJ,2.5 g,1.6 g,3.7 g,3.7 g,3.5 g,0.09 g,,1 µg,123 mg,,,,,,,,,,,138 mg,,,,,,,,,,,,,,,https://handlaprivatkund.ica.se/stores/1004181/products/kefir-naturell-laktosfri-2-5-1000g-arla-cultura/2085740
"Kvarg Mild Blåbär Laktosfri 0,2% 1000g Arla®","35,00 kr","1kg 35,00 kr/kg",60 kcal,260 kJ,0.2 g,0.1 g,4.5 g,3.9 g,9.5 g,0.1 g,,,,,,,,,,,,,,,,,,,,,,,,,,,,,https://handlaprivatkund.ica.se/stores/1004181/products/kvarg-mild-bl%C3%A5b%C3%A4r-laktosfri-0-2-1000g-arla/2096738
"Mild Yoghurt Hallon 1,5% lättsockrad 1000g Arla Ko®","37,90 kr","1kg 37,90 kr/kg",64 kcal,272 kJ,1.5 g,0.9 g,8.2 g,7.8 g,3.8 g,0.08 g,,0.92 µg,,,,,,,,,,,,,,,,,,,,,,,,,,,https://handlaprivatkund.ica.se/stores/1004181/products/mild-yoghurt-hallon-1-5-l%C3%A4ttsockrad-1000g-arla-ko/2044826
Messmör Original 5% 250g Fjällbrynt,"35,90 kr","0.25kg 143,60 kr/kg",260 kcal,1100 kJ,5 g,3.2 g,47 g,47 g,6.9 g,1.6 g,,,280 mg,,,,,,,,,,,,,,,,,,,,5 mg,,,,,,https://handlaprivatkund.ica.se/stores/1004181/products/messm%C3%B6r-original-5-250g-fj%C3%A4llbrynt/1468873
Proteinmilkshake Kaffe Karamell 330ml Barebells,"33,90 kr","0.33L 102,73 kr/l",60 kcal,252 kJ,1.5 g,1 g,4 g,3.7 g,7.3 g,0.21 g,,,,,,,,,,,,,,,,,,,,,,,,,,,,,https://handlaprivatkund.ica.se/stores/1004181/products/proteinmilkshake-kaffe-karamell-330ml-barebells/2149773
Fruktdryck Äpple Päron Passionsfrukt 850ml God Morgon®,"47,90 kr","0.85L 56,35 kr/l exkl pant",46 kcal,192 kJ,0 g,0 g,11 g,10 g,0 g,0 g,,,,,,,,,,,,,,,,,,,,,,,,,,,,,https://handlaprivatkund.ica.se/stores/1004181/products/fruktdryck-%C3%A4pple-p%C3%A4ron-passionsfrukt-850ml-god-morgon/2151835
"Proteinyoghurt Vanilj Laktosfri 2,1% 1000g Lindahls","37,90 kr","1kg 37,90 kr/kg",50 kcal,230 kJ,2.1 g,1.2 g,3.7 g,3.4 g,5.2 g,0.1 g,,0.9 µg,,,,,,,,,,,,,,,,,,,,,,,,,,,https://handlaprivatkund.ica.se/stores/1004181/products/proteinyoghurt-vanilj-laktosfri-2-1-1000g-lindahls/2118330
Munkens Svarta mellan 31% ca 500g Wästgöta Kloster,Ca,"Ca 0.5kg 216,00 kr/kg",384 kcal,1594 kJ,31 g,20 g,0 g,0 g,25 g,1.2 g,1.4 µg,,756 mg,,,,,,,,,,,,,,,,,,,,,,,,,,https://handlaprivatkund.ica.se/stores/1004181/products/munkens-svarta-mellan-31-ca-500g-w%C3%A4stg%C3%B6ta-kloster/1334568
Rödbetsjuice KRAV 750ml Kung Markatta,"67,00 kr","0.75L 89,33 kr/l",40 kcal,160 kJ,0 g,0 g,8 g,7.5 g,1 g,0 g,,,,,,,,,,,,,,,,,,,,,,,,,,,,,https://handlaprivatkund.ica.se/stores/1004181/products/r%C3%B6dbetsjuice-krav-750ml-kung-markatta/1492538
Matlagningsbas Havre 13% 500ml ICA,"21,90 kr","0.5L 43,80 kr/l",146 kcal,612 kJ,13 g,1.5 g,7 g,3.2 g,0.7 g,0 g,,,,,,,,,,,,,,,,,,,,,,,,,,,,,https://handlaprivatkund.ica.se/stores/1004181/products/matlagningsbas-havre-13-500ml-ica/2139638
"Kvarg Mild Naturell 0,2% Laktosfri 1000g Arla®","35,00 kr","1kg 35,00 kr/kg",60 kcal,280 kJ,0.2 g,0.1 g,4 g,4 g,11 g,0.1 g,,,,,,,,,,,,,,,,,,,,,,,,,,,,,https://handlaprivatkund.ica.se/stores/1004181/products/kvarg-mild-naturell-0-2-laktosfri-1000g-arla/2096740
Köksägg L 4-p ICA,"19,90 kr","4 per frp 4,98 kr/st",140 kcal,600 kJ,9.7 g,2.6 g,0.5 g,0.5 g,12 g,0.4 g,,,,,,,,,,,,,,,,,,,,,,,,,,,,,https://handlaprivatkund.ica.se/stores/1004181/products/k%C3%B6ks%C3%A4gg-l-4-p-ica/1374089
"Färsk lättmjölk 0,5% 1l Arla Ko®","17,90 kr","1L 17,90 kr/l",38 kcal,160 kJ,0.5 g,0.3 g,4.7 g,4.7 g,3.6 g,0.09 g,0.4 µg,1 µg,124 mg,,,,,,0.14 mg,,0.5 mg,160 mg,92 mg,139 mg,3.8 µg,,,,,,,,,,,,,,https://handlaprivatkund.ica.se/stores/1004181/products/f%C3%A4rsk-l%C3%A4ttmj%C3%B6lk-0-5-1l-arla-ko/1201482
Juice Tropisk 1l Bravo,"32,90 kr","1L 32,90 kr/l",47 kcal,198 kJ,0 g,0 g,11 g,10 g,0.3 g,0 g,,,,,,,0.2 g,,,,,,,,,,,,,,,,,,,,,,https://handlaprivatkund.ica.se/stores/1004181/products/juice-tropisk-1l-bravo/1437721
Kokosdryck Laktosfri 1l ICA,"26,90 kr","1L 26,90 kr/l",,,,,,,,,,,,,,,,,,,,,,,,,,,,,,,,,,,,,https://handlaprivatkund.ica.se/stores/1004181/products/kokosdryck-laktosfri-1l-ica/1514316
Lemonade 1l God Morgon®,"36,90 kr","1L 36,90 kr/l",32 kcal,134 kJ,0 g,0 g,7.3 g,6.8 g,0 g,0 g,,,,,,,,,,,,,,,,,,,,,,,,,,,,,https://handlaprivatkund.ica.se/stores/1004181/products/lemonade-1l-god-morgon/1464052
Juice Äpple Grapefrukt Yuzu 850ml Brämhults,"64,00 kr","0.85L 75,29 kr/l exkl pant",44 kcal,184 kJ,0 g,0 g,11 g,9.9 g,0 g,0 g,,,,,,,,,,,,,,,,,,,,,,,,,,,,,https://handlaprivatkund.ica.se/stores/1004181/products/juice-%C3%A4pple-grapefrukt-yuzu-850ml-br%C3%A4mhults/2168313
Havredryck Choklad 1l ICA,"21,90 kr","1L 21,90 kr/l",55 kcal,229 kJ,1.5 g,0.5 g,8.5 g,4.7 g,1.2 g,0.1 g,0.38 µg,1.1 µg,120 mg,,,,1.1 g,,0.21 mg,22.5 µg,,,,,,,,,,,,,,,,,,,https://handlaprivatkund.ica.se/stores/1004181/products/havredryck-choklad-1l-ica/2035616
Äpplejuice 2l Bravo,"53,00 kr","2L 26,50 kr/l",45 kcal,180 kJ,0 g,0 g,9.5 g,9.5 g,0 g,0 g,,,,,,,0.2 g,,,,,,,,,,,,,,,,,,,,,,https://handlaprivatkund.ica.se/stores/1004181/products/%C3%A4pplejuice-2l-bravo/1364741
Mellanmål XL Jordgubb 225g RisiFrutti,"19,90 kr","0.225kg 88,44 kr/kg",112 kcal,471 kJ,3.4 g,2.6 g,17 g,10 g,3.1 g,0.15 g,,,,,,,,,,,,,,,,,,,,,,,,,,,,,https://handlaprivatkund.ica.se/stores/1004181/products/mellanm%C3%A5l-xl-jordgubb-225g-risifrutti/1363394
"Yoghurt Mild Jordgubb Lättsockrad 1,5% 1000g Arla Ko®","37,90 kr","1kg 37,90 kr/kg",64 kcal,268 kJ,1.5 g,0.9 g,8.1 g,7.8 g,3.8 g,0.08 g,,0.92 µg,,,,,,,,,,,,,,,,,,,,,,,,,,,https://handlaprivatkund.ica.se/stores/1004181/products/yoghurt-mild-jordgubb-l%C3%A4ttsockrad-1-5-1000g-arla-ko/2044877
Färsk vispgrädde 40% 5dl Arla Ko®,"51,00 kr","0.5L 102,00 kr/l",375 kcal,1565 kJ,40 g,26 g,2.9 g,2.9 g,2.2 g,0.05 g,,,,,,344 µg,,,,,,,,,,13 µg,,,,,,,,,,,,,https://handlaprivatkund.ica.se/stores/1004181/products/f%C3%A4rsk-vispgr%C3%A4dde-40-5dl-arla-ko/1201829
Ägg M/L KRAV 12-p ICA I love eco,"62,00 kr","12 per frp 5,17 kr/st",140 kcal,600 kJ,10 g,3 g,0.5 g,0 g,12 g,0.4 g,,,,,,,,,,,,,,,,,,,,,,,,,,,,,https://handlaprivatkund.ica.se/stores/1004181/products/%C3%A4gg-m-l-krav-12-p-ica-i-love-eco/1455334
Kvarg Mild Vanilj Laktosfri 0.2% 450g Arla®,"29,90 kr","0.45kg 66,44 kr/kg",60 kcal,250 kJ,0.2 g,0.1 g,4 g,3.5 g,9.7 g,0.1 g,,,,,,,,,,,,,,,,,,,,,,,,,,,,,https://handlaprivatkund.ica.se/stores/1004181/products/kvarg-mild-vanilj-laktosfri-0-2-450g-arla/2156805
Cheez Dippers 5 styck Den skrattande kon,"37,90 kr","0.175kg 216,57 kr/kg",263 kcal,1101 kJ,13 g,7.5 g,25.5 g,5.5 g,10.5 g,1.3 g,,,570 mg,,,,1 g,,,,,,,,,,,,,,,,,,,,,,https://handlaprivatkund.ica.se/stores/1004181/products/cheez-dippers-5-styck-den-skrattande-kon/2107162
Danablu Blåmögelost Extra krämig 36% 125g Castello®,"40,90 kr","0.125kg 327,20 kr/kg",400 kcal,1653 kJ,37 g,23 g,0.5 g,0.5 g,17 g,3.2 g,,,,,,,,,,,,,,,,,,,,,,,,,,,,,https://handlaprivatkund.ica.se/stores/1004181/products/danablu-bl%C3%A5m%C3%B6gelost-extra-kr%C3%A4mig-36-125g-castello/1390221
Fruktdryck Fruit Crush Orange 1l God Morgon®,"29,90 kr","1L 29,90 kr/l",30 kcal,125 kJ,0 g,0 g,6.7 g,6.3 g,0 g,0 g,,,,,,,,,,,,,,,,,,,,,,,,,,,,,https://handlaprivatkund.ica.se/stores/1004181/products/fruktdryck-fruit-crush-orange-1l-god-morgon/2118437
Fruktdryck Drakfrukt Guava Calamansi 1000ml Proviva,"47,90 kr","1L 47,90 kr/l",39 kcal,161 kJ,0.1 g,0 g,9.1 g,8.1 g,0.3 g,0.05 g,,,,,,,0.3 g,40 mg,,,,,,,,,,,,,,,,,,,,,https://handlaprivatkund.ica.se/stores/1004181/products/fruktdryck-drakfrukt-guava-calamansi-1000ml-proviva/2141587
"Mild Yoghurt Mango 1,5% lättsockrad 1000g Arla Ko®","37,90 kr","1kg 37,90 kr/kg",66 kcal,278 kJ,1.5 g,0.9 g,8.6 g,8.4 g,3.7 g,0.08 g,,0.92 µg,,,,,,,,,,,,,,,,,,,,,,,,,,,https://handlaprivatkund.ica.se/stores/1004181/products/mild-yoghurt-mango-1-5-l%C3%A4ttsockrad-1000g-arla-ko/2044914
Fruktdryck Nypon 1l Proviva,"43,90 kr","1L 43,90 kr/l",53 kcal,225 kJ,0.1 g,0 g,13 g,11 g,0.2 g,0.03 g,,,,,,,0.5 g,35 mg,,,,,,,,,,,,,,,,,,,,,https://handlaprivatkund.ica.se/stores/1004181/products/fruktdryck-nypon-1l-proviva/2038931
"Havredryck Mellan 1,5% 1l Oatly","22,90 kr","1L 22,90 kr/l",48 kcal,200 kJ,1.5 g,0.2 g,7 g,3.4 g,1.1 g,0.1 g,0.24 µg,1.1 µg,120 mg,,,,0.8 g,,0.21 mg,22.5 µg,,,,,,,,,,,,,,,,,,,https://handlaprivatkund.ica.se/stores/1004181/products/havredryck-mellan-1-5-1l-oatly/2107757
Tranbärsdryck Drickfärdig 1l ICA,"32,90 kr","1L 32,90 kr/l",,,,,,,,,,,,,,,,,,,,,,,,,,,,,,,,,,,,,https://handlaprivatkund.ica.se/stores/1004181/products/tranb%C3%A4rsdryck-drickf%C3%A4rdig-1l-ica/1449616
"Yoghurt Blåbär 2,7% 250g Bärry","15,90 kr","0.25kg 63,60 kr/kg",80 kcal,350 kJ,2.6 g,1.6 g,12 g,12 g,3 g,0.1 g,,0.85 µg,,,,,,,,,,,,,,,,,,,,,,,,,,,https://handlaprivatkund.ica.se/stores/1004181/products/yoghurt-bl%C3%A5b%C3%A4r-2-7-250g-b%C3%A4rry/1431613
Mellanmål Jordgubb Laktosfri 165g Risifrutti,"18,90 kr","0.165kg 114,55 kr/kg",110 kcal,460 kJ,4.4 g,2.8 g,15 g,8.5 g,2.1 g,0.12 g,,,,,,,,,,,,,,,,,,,,,,,,,,,,,https://handlaprivatkund.ica.se/stores/1004181/products/mellanm%C3%A5l-jordgubb-laktosfri-165g-risifrutti/1413755
Gräddfil 12% 3dl ICA,"17,90 kr","0.3L 59,67 kr/l",140 kcal,550 kJ,12 g,7.7 g,3.4 g,3.4 g,3.1 g,0.1 g,,,,,,,,,,,,,,,,,,,,,,,,,,,,,https://handlaprivatkund.ica.se/stores/1004181/products/gr%C3%A4ddfil-12-3dl-ica/1295213
Sojadryck Protein Vanilj 1000ml Alpro,"30,90 kr","1L 30,90 kr/l",67 kcal,281 kJ,2.8 g,0.5 g,4.8 g,4.8 g,5 g,0.12 g,0.38 µg,0.75 µg,120 mg,,,,0.9 g,,0.21 mg,,,,,,,,,,,,,,,,,,,,https://handlaprivatkund.ica.se/stores/1004181/products/sojadryck-protein-vanilj-1000ml-alpro/2134414
Färskost Vitlök & örter Light 11% 200g Philadelphia,"29,90 kr","0.2kg 149,50 kr/kg",141 kcal,586 kJ,9.9 g,6.7 g,5.3 g,5.2 g,7.1 g,1 g,,,,,,,0.5 g,,,,,,,,,,,,,,,,,,,,,,https://handlaprivatkund.ica.se/stores/1004181/products/f%C3%A4rskost-vitl%C3%B6k-%C3%B6rter-light-11-200g-philadelphia/1024258
Feta 150g ICA,"29,90 kr","0.15kg 199,33 kr/kg",300 kcal,1189 kJ,24 g,17 g,1.9 g,0.8 g,15 g,2.2 g,,,,,,,,,,,,,,,,,,,,,,,,,,,,,https://handlaprivatkund.ica.se/stores/1004181/products/feta-150g-ica/1402453
Mozzarella 125g ICA,"20,90 kr","0.125kg 167,20 kr/kg u. spad",,,,,,,,,,,,,,,,,,,,,,,,,,,,,,,,,,,,,https://handlaprivatkund.ica.se/stores/1004181/products/mozzarella-125g-ica/1506729
"Proteinshake Strawberry Ice cream Laktosfri 1,5% 250ml Valio PROfeel®","21,90 kr","0.25L 87,60 kr/l",72 kcal,304 kJ,1.5 g,0.9 g,4.6 g,4.4 g,10 g,0.17 g,,2 µg,280 mg,,,,,,,,,,,,,,,,,,,,,,,,,,https://handlaprivatkund.ica.se/stores/1004181/products/proteinshake-strawberry-ice-cream-laktosfri-1-5-250ml-valio-profeel/2117621
Mjukost creamy original vegansk 200g Violife,"40,90 kr","0.2kg 204,50 kr/kg",237 kcal,977 kJ,24 g,22 g,5 g,0 g,0 g,1 g,2.5 µg,,,,,,,,,,,,,,,,,,,,,,,,,,,,https://handlaprivatkund.ica.se/stores/1004181/products/mjukost-creamy-original-vegansk-200g-violife/2033566
"Mellanmjölk Lång hållbarhet 1,5% 1l Arla®","31,90 kr","1L 31,90 kr/l",50 kcal,190 kJ,1.5 g,1 g,4.6 g,4.6 g,3.4 g,0.1 g,0.5 µg,1 µg,120 mg,,,,,,0.15 mg,24 µg,,160 mg,95 mg,95 mg,4.7 µg,,,,,,,,,,,,,,https://handlaprivatkund.ica.se/stores/1004181/products/mellanmj%C3%B6lk-l%C3%A5ng-h%C3%A5llbarhet-1-5-1l-arla/1284405
"Fruktyoghurt Hallon Laktosfri 2,1% 1l Valio","40,90 kr","1kg 40,90 kr/kg",73 kcal,309 kJ,2.1 g,1.2 g,9.4 g,8.8 g,3.6 g,0.12 g,,1 µg,120 mg,,,,,,,,,,,,,,,,,,,,,,,,,,https://handlaprivatkund.ica.se/stores/1004181/products/fruktyoghurt-hallon-laktosfri-2-1-1l-valio/1363404
"Drickkvarg Persika & Passionsfrukt Laktosfri 0,3% 350ml Yalla®","24,90 kr","0.35L 71,14 kr/l",50 kcal,210 kJ,0.3 g,0.2 g,4.6 g,4.3 g,6.1 g,0.11 g,,,,,,,,,,,,,,,,,,,,,,,,,,,,,https://handlaprivatkund.ica.se/stores/1004181/products/drickkvarg-persika-passionsfrukt-laktosfri-0-3-350ml-yalla/2023925
Billinge ost skivad 150 g Arla,"43,90 kr","0.15kg 292,67 kr/kg",343 kcal,1424 kJ,26 g,17 g,0 g,0 g,26 g,1.2 g,1.6 µg,,782 mg,,,,,,,,,,,,,,,,,,,,,,,,,,https://handlaprivatkund.ica.se/stores/1004181/products/billinge-ost-skivad-150-g-arla/2107588
Protein Milkshake Vanilla 330ml Barebells,"33,90 kr","0.33L 102,73 kr/l",58 kcal,245 kJ,1.4 g,0.9 g,3.8 g,3.8 g,7.3 g,0.22 g,,,,,,,,,,,,,,,,,88 mg,,,,,,,,,,,,https://handlaprivatkund.ica.se/stores/1004181/products/protein-milkshake-vanilla-330ml-barebells/2005978
Juice Äpple & päron 2l Bravo,"53,00 kr","2L 26,50 kr/l",45 kcal,180 kJ,0 g,0 g,10 g,10 g,0 g,0 g,,,,,,,0.2 g,,,,,,,,,,,,,,,,,,,,,,https://handlaprivatkund.ica.se/stores/1004181/products/juice-%C3%A4pple-p%C3%A4ron-2l-bravo/1514835
Matlagningsgrädde 13% 5dl Arla Köket®,"40,90 kr","0.5L 81,80 kr/l",150 kcal,600 kJ,13 g,8.3 g,4.2 g,4.2 g,3.1 g,0.1 g,0.53 µg,,,,,120 µg,,,,,,,,,,,,,,,,,,,,,,,https://handlaprivatkund.ica.se/stores/1004181/products/matlagningsgr%C3%A4dde-13-5dl-arla-k%C3%B6ket/1338710
Manchego 12 månader 150g ICA,"74,00 kr","0.15kg 493,33 kr/kg",455 kcal,1887 kJ,38 g,26 g,1.3 g,1.3 g,27 g,1.9 g,,,,,,,,,,,,,,,,,,,,,,,,,,,,,https://handlaprivatkund.ica.se/stores/1004181/products/manchego-12-m%C3%A5nader-150g-ica/1500116
Räkost 330g Kavli,"62,00 kr","0.33kg 187,88 kr/kg",200 kcal,850 kJ,15 g,9.3 g,0 g,0 g,17 g,3.2 g,,,,,,,,,,,,,,,,,,,,,,,,,,,,,https://handlaprivatkund.ica.se/stores/1004181/products/r%C3%A4kost-330g-kavli/2011606
"Drickyoghurt Yalla Jordgubb 0,5% 350ml Yoggi®","24,90 kr","0.35L 71,14 kr/l",50 kcal,220 kJ,0.5 g,0.3 g,8.2 g,7.8 g,3.2 g,0.1 g,,,,,,,,,,,,,,,,,,,,,,,,,,,,,https://handlaprivatkund.ica.se/stores/1004181/products/drickyoghurt-yalla-jordgubb-0-5-350ml-yoggi/1506049
Räkost 275g Kavli,"58,00 kr","0.275kg 210,91 kr/kg",200 kcal,850 kJ,15 g,9.3 g,0 g,0 g,17 g,3.2 g,,,,,,,,,,,,,,,,,,,,,,,,,,,,,https://handlaprivatkund.ica.se/stores/1004181/products/r%C3%A4kost-275g-kavli/1023643
"Lättyoghurt Mild Naturell Ekologisk 0,5% 1000g Arla Ko®","28,90 kr","1kg 28,90 kr/kg",40 kcal,180 kJ,0.5 g,0.3 g,4.5 g,4.5 g,4.2 g,0.1 g,,1 µg,120 mg,,,,,,,,,,,,,,,,,,,,,,,,,,https://handlaprivatkund.ica.se/stores/1004181/products/l%C3%A4ttyoghurt-mild-naturell-ekologisk-0-5-1000g-arla-ko/2032852
Kryddsmör Vitlök 65g Biggans,"22,90 kr","0.065kg 352,31 kr/kg",623 kcal,2564 kJ,68 g,43 g,2 g,0.6 g,1 g,3 g,,,,,,,,,,,,,,,,,,,,,,,,,,,,,https://handlaprivatkund.ica.se/stores/1004181/products/kryddsm%C3%B6r-vitl%C3%B6k-65g-biggans/1023491
Brie 200g ICA Basic,"30,90 kr","0.2kg 154,50 kr/kg",364 kcal,1507 kJ,32 g,23 g,2 g,2 g,17 g,1.4 g,,,,,,,,,,,,,,,,,,,,,,,,,,,,,https://handlaprivatkund.ica.se/stores/1004181/products/brie-200g-ica-basic/2075086
"Mellangrädde 27% 2,5dl ICA","18,90 kr","0.25L 75,60 kr/l",267 kcal,1101 kJ,27 g,17 g,3.4 g,3.4 g,2.6 g,0.07 g,0.3 µg,,,,,245 µg,,,,,,,,,,,,,,,,,,,,,,,https://handlaprivatkund.ica.se/stores/1004181/products/mellangr%C3%A4dde-27-2-5dl-ica/1520809
Havredryck choklad 1l Oatly,"22,90 kr","1L 22,90 kr/l",65 kcal,273 kJ,1.5 g,0.2 g,11 g,6.8 g,1.3 g,0.16 g,0.38 µg,1.1 µg,120 mg,,,,1.1 g,,0.21 mg,22.5 µg,,,,,,,,,,,,,,,,,,,https://handlaprivatkund.ica.se/stores/1004181/products/havredryck-choklad-1l-oatly/1471182
"Fil Lingon 3,7% Limited edition 1000g Fjällfil","36,90 kr","1kg 36,90 kr/kg",90 kcal,360 kJ,3.7 g,2.4 g,9.7 g,9.5 g,3 g,0.1 g,,0.89 µg,,,,,,,,,,,,,,,,,,,,,,,,,,,https://handlaprivatkund.ica.se/stores/1004181/products/fil-lingon-3-7-limited-edition-1000g-fj%C3%A4llfil/2107493
Smoothie Mango & Passionsfrukt 1l Bravo,"49,90 kr","1L 49,90 kr/l",55 kcal,240 kJ,0 g,0 g,13 g,12 g,0.6 g,0 g,,,,,,,0.8 g,,,,,,,,,,,,,,,,,,,,,,https://handlaprivatkund.ica.se/stores/1004181/products/smoothie-mango-passionsfrukt-1l-bravo/2000698
Mellanmål Hallon XL 225g Risifrutti,"19,90 kr","0.225kg 88,44 kr/kg",111 kcal,463 kJ,3.3 g,2.1 g,17 g,10 g,3.1 g,0.15 g,,,,,,,,,,,,,,,,,,,,,,,,,,,,,https://handlaprivatkund.ica.se/stores/1004181/products/mellanm%C3%A5l-hallon-xl-225g-risifrutti/1363395
"Cottage cheese Mini 1,5% 250g KESO®","22,90 kr","0.25kg 91,60 kr/kg",80 kcal,330 kJ,1.5 g,1 g,3.1 g,2.5 g,13 g,0.8 g,,,,,,,,,,,,,,,,,,,,,,,,,,,,,https://handlaprivatkund.ica.se/stores/1004181/products/cottage-cheese-mini-1-5-250g-keso/1203267
"Yoghurt Jordgubb & smultron 2,7% 250g Bärry","15,90 kr","0.25kg 63,60 kr/kg",80 kcal,340 kJ,2.6 g,1.6 g,12 g,11 g,3 g,0.1 g,,0.85 µg,,,,,,,,,,,,,,,,,,,,,,,,,,,https://handlaprivatkund.ica.se/stores/1004181/products/yoghurt-jordgubb-smultron-2-7-250g-b%C3%A4rry/1431616
"Hälsofil 3,5% Blåbär 1000g Verum®","36,90 kr","1kg 36,90 kr/kg",90 kcal,370 kJ,3.5 g,2.3 g,10 g,9.9 g,3 g,0.1 g,,0.88 µg,125 mg,,,,,13 mg,,,,,,,,,,,,,,,,,,,,,https://handlaprivatkund.ica.se/stores/1004181/products/h%C3%A4lsofil-3-5-bl%C3%A5b%C3%A4r-1000g-verum/2057826
Juice Mango Passion Fruit 1l God Morgon®,"47,90 kr","1L 47,90 kr/l",47 kcal,199 kJ,0.5 g,0 g,10 g,10 g,0.5 g,0 g,,,,,,,,,,,,,,,,,,,,,,,,,,,,,https://handlaprivatkund.ica.se/stores/1004181/products/juice-mango-passion-fruit-1l-god-morgon/1437693
Smoothie Fokus 850ml Brämhults,"62,00 kr","0.85L 72,94 kr/l exkl pant",47 kcal,197 kJ,0 g,0 g,11 g,10 g,0 g,0 g,0.22 µg,,,,,,0.4 g,,,,,,,,,,,,30 mg,,,27 µg,,0.13 mg,,,,,https://handlaprivatkund.ica.se/stores/1004181/products/smoothie-fokus-850ml-br%C3%A4mhults/2107374
Vispgrädde 36% Längre hållbarhet 5dl ICA,"38,90 kr","0.5L 77,80 kr/l",346 kcal,1427 kJ,36 g,23 g,3.2 g,3.2 g,2.4 g,0.06 g,0.4 µg,,,,,330 µg,,,,,,,,,,,,,,,,,,,,,,,https://handlaprivatkund.ica.se/stores/1004181/products/vispgr%C3%A4dde-36-l%C3%A4ngre-h%C3%A5llbarhet-5dl-ica/1528065
Havregurt Naturell 3% 1l Oatly,"42,90 kr","1kg 42,90 kr/kg",82 kcal,346 kJ,3 g,0.3 g,12 g,4.4 g,1.4 g,0.1 g,0.38 µg,1.1 µg,144 mg,,,,0.9 g,,0.21 mg,22.5 µg,,,,,,,,,,,,,,,,,,,https://handlaprivatkund.ica.se/stores/1004181/products/havregurt-naturell-3-1l-oatly/1471189
Smörgåsmargarin bredbart 70% 400g Carlshamn,"28,90 kr","0.4kg 72,25 kr/kg",,,,,,,,,,,,,,,,,,,,,,,,,,,,,,,,,,,,,https://handlaprivatkund.ica.se/stores/1004181/products/sm%C3%B6rg%C3%A5smargarin-bredbart-70-400g-carlshamn/1479672
"Havredryck Choklad 1,5% 250ml Oatly","9,90 kr","0.25L 39,60 kr/l",65 kcal,273 kJ,1.5 g,0.2 g,11 g,6.8 g,1.3 g,0.16 g,0.38 µg,1.1 µg,120 mg,,,,1.1 g,,0.21 mg,22.5 µg,,,,,,,,,,,,,,,,,,,https://handlaprivatkund.ica.se/stores/1004181/products/havredryck-choklad-1-5-250ml-oatly/1422175
"Filmjölk Hallon Blåbär 2,7% 1000g Arla Ko","29,90 kr","1kg 29,90 kr/kg",74 kcal,310 kJ,2.7 g,1.7 g,8.5 g,8.3 g,3.1 g,0.08 g,,0.92 µg,,,,,,,,,,,,,,,,,,,,,,,,,,,https://handlaprivatkund.ica.se/stores/1004181/products/filmj%C3%B6lk-hallon-bl%C3%A5b%C3%A4r-2-7-1000g-arla-ko/1447267
"Vaniljyoghurt Mild 1,5% Lättsockrad 1000g Arla Ko®","32,90 kr","1kg 32,90 kr/kg",57 kcal,242 kJ,1.5 g,1 g,6.2 g,6.2 g,4.1 g,0.09 g,,1 µg,123 mg,,,,,,,,,,,,,,,,,,,,,,,,,,https://handlaprivatkund.ica.se/stores/1004181/products/vaniljyoghurt-mild-1-5-l%C3%A4ttsockrad-1000g-arla-ko/2032477
Pålägg Naturell växtbaserat 150g Oatly,"29,90 kr","0.15kg 199,33 kr/kg",234 kcal,970 kJ,20 g,8 g,9.9 g,3.6 g,3.2 g,0.72 g,,,,,,,0.9 g,,,,,,,,,,,,,,,,,,,,,,https://handlaprivatkund.ica.se/stores/1004181/products/p%C3%A5l%C3%A4gg-naturell-v%C3%A4xtbaserat-150g-oatly/1499004
Färskost Cream cheese vitlök 300g ICA Basic,"29,90 kr","0.3kg 99,67 kr/kg",206 kcal,853 kJ,20 g,12 g,3.6 g,3 g,3.8 g,1.2 g,,,,,,,,,,,,,,,,,,,,,,,,,,,,,https://handlaprivatkund.ica.se/stores/1004181/products/f%C3%A4rskost-cream-cheese-vitl%C3%B6k-300g-ica-basic/2135995
Juice Röd Apelsin 2l Bravo,"53,00 kr","2L 26,50 kr/l",50 kcal,200 kJ,0 g,0 g,11 g,10 g,0 g,0 g,,,,,,,0 g,40 mg,,,,,,,,,,,,,,,,,,,,,https://handlaprivatkund.ica.se/stores/1004181/products/juice-r%C3%B6d-apelsin-2l-bravo/2101416
Mildost 275g Kavli,"56,00 kr","0.275kg 203,64 kr/kg",130 kcal,550 kJ,7.4 g,4.7 g,0 g,0 g,16 g,2.8 g,,,,,,,,,,,,,,,,,,,,,,,,,,,,,https://handlaprivatkund.ica.se/stores/1004181/products/mildost-275g-kavli/1023642
Originalfil 3% 1l Bollnäsfil,"27,90 kr","1kg 27,90 kr/kg",60 kcal,250 kJ,3 g,1.9 g,3.8 g,3.8 g,3.4 g,0.1 g,,1 µg,120 mg,,,,,,,,,,,,,,,,,,,,,,,,,,https://handlaprivatkund.ica.se/stores/1004181/products/originalfil-3-1l-bolln%C3%A4sfil/2009946
Havredryck Barista 1l ICA,"21,90 kr","1L 21,90 kr/l",62 kcal,259 kJ,3 g,0.3 g,7.5 g,4 g,0.8 g,0.1 g,0.38 µg,1.1 g,120 mg,,,,0.5 g,,0.21 mg,,,,,,,,,,,,,,,,,,,,https://handlaprivatkund.ica.se/stores/1004181/products/havredryck-barista-1l-ica/2090748
Fruktdryck Fruit Crush Apple 1l God Morgon®,"29,90 kr","1L 29,90 kr/l",32 kcal,134 kJ,0 g,0 g,7.6 g,7.2 g,0 g,0 g,,,,,,,,,,,,,,,,,,,,,,,,,,,,,https://handlaprivatkund.ica.se/stores/1004181/products/fruktdryck-fruit-crush-apple-1l-god-morgon/2118438
Katrinplommonjuice 500ml Friggs,"46,90 kr","0.5L 93,80 kr/l",,,,,,,,,,,,,,,,,,,,,,,,,,,,,,,,,,,,,https://handlaprivatkund.ica.se/stores/1004181/products/katrinplommonjuice-500ml-friggs/1023322
Hamburgerost Chili 200g ICA,"36,90 kr","0.2kg 184,50 kr/kg",290 kcal,1200 kJ,23 g,15 g,4.4 g,4.4 g,16 g,2.9 g,,,,,,,,,,,,,,,,,,,,,,,,,,,,,https://handlaprivatkund.ica.se/stores/1004181/products/hamburgerost-chili-200g-ica/1475139
"Proteinpudding Choklad Laktosfri 1,5% 180g Valio PROfeel®","22,90 kr","0.18kg 127,22 kr/kg",85 kcal,358 kJ,1.6 g,1 g,6.2 g,4.6 g,11 g,0.2 g,,,300 mg,,,,,,,,,,,,,,,,,,,,,,,,,,https://handlaprivatkund.ica.se/stores/1004181/products/proteinpudding-choklad-laktosfri-1-5-180g-valio-profeel/2080555
Cottage Cheese Vanilj Granola Jordgubb Laktosfri 145g KESO®,"30,90 kr","0.145kg 213,10 kr/kg",129 kcal,542 kJ,3 g,1.7 g,12 g,5 g,12 g,0.38 g,,,,,,,,,,,,,,,,,,,,,,,,,,,,,https://handlaprivatkund.ica.se/stores/1004181/products/cottage-cheese-vanilj-granola-jordgubb-laktosfri-145g-keso/2112761
"Kvarg Hallon 0,2% 500g Lindahls","35,90 kr","0.5kg 71,80 kr/kg",60 kcal,240 kJ,0.2 g,0 g,3.5 g,3.2 g,10 g,0.1 g,,,,,,,,,,,,,,,,,,,,,,,,,,,,,https://handlaprivatkund.ica.se/stores/1004181/products/kvarg-hallon-0-2-500g-lindahls/1486728
Margarin Mat & Bak växtbaserat 1000g Milda,"48,90 kr","1kg 48,90 kr/kg",701 kcal,2933 kJ,79 g,37 g,0.5 g,0.5 g,0.5 g,1.5 g,,20 µg,,,,900 µg,,,,,,,,,,,,7 mg,,,,,,,,,,,https://handlaprivatkund.ica.se/stores/1004181/products/margarin-mat-bak-v%C3%A4xtbaserat-1000g-milda/2118485
Vegopålägg Block Plant Based 250g Oddlygood,"37,90 kr","0.25kg 151,60 kr/kg",292 kcal,1213 kJ,23 g,15 g,20 g,0 g,1.1 g,1.5 g,1.7 µg,4 µg,120 mg,2.4 g,5.1 g,,,,0.9 mg,87 µg,,,,,,,,,,,,,,,,,,,https://handlaprivatkund.ica.se/stores/1004181/products/vegop%C3%A5l%C3%A4gg-block-plant-based-250g-oddlygood/2141679
Vaniljsås 5dl Ekströms,"21,90 kr","0.5L 43,80 kr/l",110 kcal,458 kJ,4.2 g,3.6 g,14.7 g,12.7 g,2.9 g,0.1 g,,,,,,,,,,,,,,,,,,,,,,,,,,,,,https://handlaprivatkund.ica.se/stores/1004181/products/vaniljs%C3%A5s-5dl-ekstr%C3%B6ms/1004117
Dessert Tiramisù 160g Dolce Italia,"36,90 kr","0.16kg 230,63 kr/kg",220 kcal,928 kJ,5.2 g,4 g,36 g,19 g,4 g,0.18 g,,,,,,,1.6 g,,,,,,,,,,,,,,,,,,,,,,https://handlaprivatkund.ica.se/stores/1004181/products/dessert-tiramis%C3%B9-160g-dolce-italia/2129100
White Vitmögelost 39% 150g Castello®,"47,90 kr","0.15kg 319,33 kr/kg",410 kcal,1692 kJ,39 g,25 g,0.5 g,0.5 g,14 g,1.5 g,,,,,,,,,,,,,,,,,,,,,,,,,,,,,https://handlaprivatkund.ica.se/stores/1004181/products/white-vitm%C3%B6gelost-39-150g-castello/1023619
Smoothie Energi Ananas Jordgubb Banan 850ml Brämhults,"62,00 kr","0.85L 72,94 kr/l exkl pant",56 kcal,235 kJ,0 g,0 g,13 g,12 g,0.5 g,0.01 g,,,,,,,0.8 g,40 mg,,,,,,,,,,,,,,,,,,,,,https://handlaprivatkund.ica.se/stores/1004181/products/smoothie-energi-ananas-jordgubb-banan-850ml-br%C3%A4mhults/2062836
"Havregurt Hallon 1,3% 1000g Oddlygood®","38,90 kr","1kg 38,90 kr/kg",78 kcal,330 kJ,1.3 g,0.2 g,15 g,8 g,1.3 g,0.07 g,0.4 µg,1 µg,120 mg,,,,,,0.21 mg,22.5 µg,,,,,,,,,,,,,,,,,,,https://handlaprivatkund.ica.se/stores/1004181/products/havregurt-hallon-1-3-1000g-oddlygood/2142035
Gräddfil 12% Ekologisk 3dl Arla Ko®,"20,90 kr","0.3L 69,67 kr/l",140 kcal,550 kJ,12 g,7.7 g,3.4 g,3.4 g,3.1 g,0.1 g,,,,,,,,,,,,,,,,,,,,,,,,,,,,,https://handlaprivatkund.ica.se/stores/1004181/products/gr%C3%A4ddfil-12-ekologisk-3dl-arla-ko/2101525
Lemonad Nypressad Citron 300ml Brämhults,"31,90 kr","0.3L 106,33 kr/l exkl pant",36 kcal,151 kJ,0 g,0 g,8 g,7.9 g,0 g,0 g,,,,,,,,,,,,,,,,,,,,,,,,,,,,,https://handlaprivatkund.ica.se/stores/1004181/products/lemonad-nypressad-citron-300ml-br%C3%A4mhults/2062989
Matlagningsgrädde 13% 5dl ICA,"31,90 kr","0.5L 63,80 kr/l",146 kcal,603 kJ,13 g,8.3 g,4.1 g,4.1 g,3.1 g,0.08 g,,,,,,,,,,,,,,,,,,,,,,,,,,,,,https://handlaprivatkund.ica.se/stores/1004181/products/matlagningsgr%C3%A4dde-13-5dl-ica/1506542
"Lättkvarg Naturell 0,2% 500g ICA Basic","27,90 kr","0.5kg 55,80 kr/kg",60 kcal,250 kJ,0.2 g,0 g,3.4 g,3.4 g,11 g,0.1 g,,,,,,,,,,,,,,,,,,,,,,,,,,,,,https://handlaprivatkund.ica.se/stores/1004181/products/l%C3%A4ttkvarg-naturell-0-2-500g-ica-basic/1520786
"Fil Blåbär 3,7% 1l Fjällfil","36,90 kr","1kg 36,90 kr/kg",90 kcal,360 kJ,3.7 g,2.3 g,9.8 g,9.8 g,3 g,0.1 g,,0.87 µg,,,,,,,,,,,,,,,,,,,,,,,,,,,https://handlaprivatkund.ica.se/stores/1004181/products/fil-bl%C3%A5b%C3%A4r-3-7-1l-fj%C3%A4llfil/2096140
Havredryck Barista 2% 1l ICA Basic,"18,90 kr","1L 18,90 kr/l",54 kcal,225 kJ,2 g,0.2 g,7.6 g,2.5 g,0.8 g,0.1 g,0.38 µg,1 µg,120 mg,,,,,,0.21 µg,,,,,,,,,,,,,,,,,,,,https://handlaprivatkund.ica.se/stores/1004181/products/havredryck-barista-2-1l-ica-basic/2157296
Protein Coffee Chocolate Mocha 330ml Starbucks®,"32,90 kr","0.33L 99,70 kr/l",52 kcal,218 kJ,1.1 g,0.7 g,4.1 g,3.8 g,6.1 g,0.13 g,,,,,,,,,,,,,,,,,,,,,,,,,,,,,https://handlaprivatkund.ica.se/stores/1004181/products/protein-coffee-chocolate-mocha-330ml-starbucks/2151757
Crème fraiche 32% 5dl ICA,"43,90 kr","0.5L 87,80 kr/l",310 kcal,1300 kJ,32 g,20 g,2.4 g,2.4 g,2.4 g,0.1 g,,,,,,,,,,,,,,,,,,,,,,,,,,,,,https://handlaprivatkund.ica.se/stores/1004181/products/cr%C3%A8me-fraiche-32-5dl-ica/1528078
Yoghurt Mild Naturell 3% 1000g ICA,"21,90 kr","1kg 21,90 kr/kg",60 kcal,260 kJ,3 g,1.9 g,3.9 g,3.9 g,3.6 g,0.1 g,,1 µg,120 mg,,,,,,,,,,,105 mg,,,,,,,,,,,,,,,https://handlaprivatkund.ica.se/stores/1004181/products/yoghurt-mild-naturell-3-1000g-ica/1520802
Risdryck Naturell 1l ICA,"27,90 kr","1L 27,90 kr/l",,,,,,,,,,,,,,,,,,,,,,,,,,,,,,,,,,,,,https://handlaprivatkund.ica.se/stores/1004181/products/risdryck-naturell-1l-ica/1510384
Herrgård 12 mån 670g Allerum,"159,00 kr","0.67kg 237,31 kr/kg",360 kcal,1500 kJ,28 g,18 g,0 g,0 g,27 g,1.2 g,1.5 µg,,750 mg,,,260 µg,,,,,,,,,,,,,,,,,,,,,,,https://handlaprivatkund.ica.se/stores/1004181/products/herrg%C3%A5rd-12-m%C3%A5n-670g-allerum/2112710
Matlagningsost Riven 12% 150g ICA,"31,90 kr","0.15kg 212,67 kr/kg",250 kcal,1050 kJ,12 g,7.9 g,1.7 g,0 g,35 g,1.5 g,,,,,,,,,,,,,,,,,,,,,,,,,,,,,https://handlaprivatkund.ica.se/stores/1004181/products/matlagningsost-riven-12-150g-ica/1383666
Mozzarella di Bufala D.O.P 100g ICA,"32,90 kr","0.1kg 329,00 kr/kg u. spad",,,,,,,,,,,,,,,,,,,,,,,,,,,,,,,,,,,,,https://handlaprivatkund.ica.se/stores/1004181/products/mozzarella-di-bufala-d-o-p-100g-ica/1506722
Tranbärsdryck Koncentrat 250ml Jokk,"38,90 kr","1L 38,90 kr/l drickklar",60 kcal,230 kJ,0 g,0 g,13 g,13 g,0 g,0 g,,,,,,,,50 mg,,,,,,,,,,,,,,,,,,,,,https://handlaprivatkund.ica.se/stores/1004181/products/tranb%C3%A4rsdryck-koncentrat-250ml-jokk/1269610
"Yoghurt Mini Jordgubb 0,1% 1000g Yoggi®","35,90 kr","1kg 35,90 kr/kg",36 kcal,154 kJ,0.1 g,0.1 g,4.5 g,3.8 g,3.5 g,0.1 g,,0.88 µg,,,,,,,,,,,,,,,,,,,,,,,,,,,https://handlaprivatkund.ica.se/stores/1004181/products/yoghurt-mini-jordgubb-0-1-1000g-yoggi/2044846
Kvarg Apelsin & Choklad Laktosfri 200g Valio,"20,90 kr","0.2kg 104,50 kr/kg",167 kcal,699 kJ,8 g,4.8 g,16 g,15 g,7.3 g,0.06 g,,,,,,,,,,,,,,,,,,,,,,,,,,,,,https://handlaprivatkund.ica.se/stores/1004181/products/kvarg-apelsin-choklad-laktosfri-200g-valio/2151727
Havregurt Vanilj 2% 1l Oatly,"42,90 kr","1kg 42,90 kr/kg",86 kcal,360 kJ,2.1 g,0.2 g,15.1 g,8.3 g,1.1 g,0.06 g,0.38 µg,1.1 µg,146 mg,,,,0.9 g,,0.21 mg,22.5 µg,,,,,,,,,,,,,,,,,,,https://handlaprivatkund.ica.se/stores/1004181/products/havregurt-vanilj-2-1l-oatly/2004528
Proteindryck Vanilla High Protein 250ml Gainomax,"28,90 kr","0.25L 115,60 kr/l",67 kcal,283 kJ,0.5 g,0.2 g,3.7 g,3.7 g,12 g,0.18 g,,,,,,,,,,,,,,,,,,,,,,,,,,,,,https://handlaprivatkund.ica.se/stores/1004181/products/proteindryck-vanilla-high-protein-250ml-gainomax/2149785
Hallonjuice 850ml Brämhults,"54,00 kr","0.85L 63,53 kr/l exkl pant",43 kcal,180 kJ,0 g,0 g,9.9 g,9.8 g,0 g,0 g,,,,,,,,,,,,,,,,,,,,,,,,,,,,,https://handlaprivatkund.ica.se/stores/1004181/products/hallonjuice-850ml-br%C3%A4mhults/2062848
Fruktdryck Vitt te Äpple Rabarber 850ml God Morgon®,"37,90 kr","0.85L 44,59 kr/l",23 kcal,96 kJ,0 g,0 g,5.3 g,5.1 g,0 g,0 g,,,,,,,,,,,,,,,,,,,,,,,,,,,,,https://handlaprivatkund.ica.se/stores/1004181/products/fruktdryck-vitt-te-%C3%A4pple-rabarber-850ml-god-morgon/2141255
"Havredryck Naturell 1,5% 1l Oatly","26,90 kr","1L 26,90 kr/l",48 kcal,201 kJ,1.5 g,0.2 g,7.1 g,3.4 g,1.1 g,0.1 g,0.38 µg,1.1 µg,120 mg,,,,0.8 g,,0.21 mg,22.5 µg,,,,,,,,,,,,,,,,,,,https://handlaprivatkund.ica.se/stores/1004181/products/havredryck-naturell-1-5-1l-oatly/2023907
Apelsinjuice med fruktkött 1l ICA,"42,90 kr","1L 42,90 kr/l exkl pant",44 kcal,186 kJ,0.2 g,0.1 g,9.1 g,9.1 g,0.7 g,0 g,,,,,,,,25 mg,,,,,,,,,,,,,,,,,,,,,https://handlaprivatkund.ica.se/stores/1004181/products/apelsinjuice-med-fruktk%C3%B6tt-1l-ica/2038422
Parmesanost Parmigiano Reggiano finriven 100 g Zeta,"64,00 kr","0.1kg 640,00 kr/kg",402 kcal,1671 kJ,30 g,20 g,0 g,0 g,32 g,1.6 g,,,,,,,,,,,,,,,,,,,,,,,,,,,,,https://handlaprivatkund.ica.se/stores/1004181/products/parmesanost-parmigiano-reggiano-finriven-100-g-zeta/2134269
Yoghurt Original Madagaskar Vanilj 2% 1000g Yoggi®,"36,90 kr","1kg 36,90 kr/kg",80 kcal,320 kJ,2 g,1.2 g,11 g,9.9 g,3.3 g,0.1 g,,0.93 µg,,,,,,,,,,,,,,,,,,,,,,,,,,,https://handlaprivatkund.ica.se/stores/1004181/products/yoghurt-original-madagaskar-vanilj-2-1000g-yoggi/1373614
Feta 24 % Laktosfri 150g Fontana,"36,90 kr","0.15kg 246,00 kr/kg",278 kcal,1163 kJ,23 g,13.7 g,0.7 g,0.7 g,17 g,2.5 g,,,,,,,,,,,,,,,,,,,,,,,,,,,,,https://handlaprivatkund.ica.se/stores/1004181/products/feta-24-laktosfri-150g-fontana/1506652
Vaniljsås 10% 250ml Oatly,"15,90 kr","0.25L 63,60 kr/l",168 kcal,700 kJ,11 g,6.2 g,16 g,13 g,0.8 g,0.14 g,,,,,,,0.9 g,,,,,,,,,,,,,,,,,,,,,,https://handlaprivatkund.ica.se/stores/1004181/products/vaniljs%C3%A5s-10-250ml-oatly/1270701
Tranbärsdryck Classic 1l Ocean Spray,"35,90 kr","1L 35,90 kr/l",50 kcal,211 kJ,0 g,0 g,12.6 g,11.6 g,0 g,0 g,,,,,,,,,,,,,,,,,,,,,,,,,,,,,https://handlaprivatkund.ica.se/stores/1004181/products/tranb%C3%A4rsdryck-classic-1l-ocean-spray/2024043
Kvarg Hallon & Blåbär Laktosfri 7% 200g Valio,"20,90 kr","0.2kg 104,50 kr/kg",153 kcal,643 kJ,7 g,4.1 g,15 g,15 g,7.2 g,0.11 g,,,,,,,,,,,,,,,,,,,,,,,,,,,,,https://handlaprivatkund.ica.se/stores/1004181/products/kvarg-hallon-bl%C3%A5b%C3%A4r-laktosfri-7-200g-valio/1493419
Vispgrädde Laktosfri 36% 5dl Arla®,"49,90 kr","0.5L 99,80 kr/l",346 kcal,1423 kJ,36 g,23 g,3.1 g,3 g,2.3 g,0.06 g,,,,,,309 µg,,,,,,,,,,,,,,,,,,,,,,,https://handlaprivatkund.ica.se/stores/1004181/products/vispgr%C3%A4dde-laktosfri-36-5dl-arla/2107524
Färskost creamy garlic herbs växtbaserad 150g Violife,"36,90 kr","0.15kg 246,00 kr/kg",883 kcal,214 kJ,20 g,18 g,7.7 g,1.5 g,0.3 g,2 g,2.5 µg,,,,,,,,,,,,,,,,,,,,,,,,,,,,https://handlaprivatkund.ica.se/stores/1004181/products/f%C3%A4rskost-creamy-garlic-herbs-v%C3%A4xtbaserad-150g-violife/2099922
Mat & bakmargarin 80% 1000g ICA,"41,90 kr","1kg 41,90 kr/kg",700 kcal,2950 kJ,80 g,27 g,0.5 g,0.5 g,0.5 g,1.5 g,,,,,,,,,,,,,,,,,,,,,,,,,,,,,https://handlaprivatkund.ica.se/stores/1004181/products/mat-bakmargarin-80-1000g-ica/1309523
"Havredryck Naturell 1,5% 1l ICA","25,90 kr","1L 25,90 kr/l",48 kcal,201 kJ,1.5 g,0.2 g,7.1 g,3.4 g,1.1 g,0.1 g,0.38 µg,1.1 µg,120 mg,,,,0.8 g,,0.21 mg,23 µg,,,,,,,,,,,,,,,,,,,https://handlaprivatkund.ica.se/stores/1004181/products/havredryck-naturell-1-5-1l-ica/2038416
"Filmjölk Onaka Naturell 1,5% 1000g Arla Cultura®","29,90 kr","1kg 29,90 kr/kg",47 kcal,197 kJ,1.5 g,1 g,3.8 g,3.8 g,3.8 g,0.09 g,,1 µg,123 mg,,,,,,,,,,,141 mg,,,,,,,,,,,,,,,https://handlaprivatkund.ica.se/stores/1004181/products/filmj%C3%B6lk-onaka-naturell-1-5-1000g-arla-cultura/2018463
"YO-ghurt Hallon 0,1% 1000g Valio","27,90 kr","1kg 27,90 kr/kg",66 kcal,282 kJ,0.1 g,0 g,12 g,12 g,3.7 g,0.1 g,,,,,,,,,,,,,,,,,,,,,,,,,,,,,https://handlaprivatkund.ica.se/stores/1004181/products/yo-ghurt-hallon-0-1-1000g-valio/2169149
Protein Milkshake Berry Cheesecake Laktosfri 330ml ProPud,"25,90 kr","0.33L 78,48 kr/l",58 kcal,244 kJ,1.5 g,0.9 g,4.9 g,4.9 g,6.1 g,0.1 g,,,,,,,,,,,,,,,,,,,,,,,,,,,,,https://handlaprivatkund.ica.se/stores/1004181/products/protein-milkshake-berry-cheesecake-laktosfri-330ml-propud/2151755
Smör & Raps Mellan 57% 250g Bregott®,"43,90 kr","0.25kg 175,60 kr/kg",515 kcal,2118 kJ,57 g,19 g,0.3 g,0.3 g,0.2 g,1 g,,20 µg,,9.4 g,25 g,950 µg,,,,,,,,,,,,,,,,,,,,,,,https://handlaprivatkund.ica.se/stores/1004181/products/sm%C3%B6r-raps-mellan-57-250g-bregott/2129107
"Yoghurt Mini Vanilj 0,1% 1000g Yoggi®","35,90 kr","1kg 35,90 kr/kg",34 kcal,144 kJ,0.1 g,0.1 g,4.1 g,3.8 g,3.7 g,0.1 g,,0.88 µg,,,,,,,,,,,,,,,,,,,,,,,,,,,https://handlaprivatkund.ica.se/stores/1004181/products/yoghurt-mini-vanilj-0-1-1000g-yoggi/2044957
Brie 500g Moulin,"73,00 kr","0.5kg 146,00 kr/kg",334 kcal,1382 kJ,30 g,21 g,0 g,0 g,16 g,1.3 g,,,,,,,,,,,,,,,,,,,,,,,,,,,,,https://handlaprivatkund.ica.se/stores/1004181/products/brie-500g-moulin/1354418
Havredryck Barista Hasselnöt Glutenfri 3% 1000ml Oddlygood®,"31,90 kr","1L 31,90 kr/l",62 kcal,259 kJ,3 g,0.3 g,7.6 g,4.5 g,1.1 g,0.08 g,0.4 µg,1 µg,120 mg,,,,,,0.21 mg,22.5 µg,,,,,,,,,,,,,,,,,,,https://handlaprivatkund.ica.se/stores/1004181/products/havredryck-barista-hasseln%C3%B6t-glutenfri-3-1000ml-oddlygood/2169097
Halloumi orginal 200g Fontana,"42,90 kr","0.2kg 214,50 kr/kg",307 kcal,1284 kJ,24.5 g,16 g,3.1 g,2.6 g,18.5 g,2.5 g,,,,,,,,,,,,,,,,,,,,,,,,,,,,,https://handlaprivatkund.ica.se/stores/1004181/products/halloumi-orginal-200g-fontana/2112923
Creamy Blue Blåmögelost 42% 150g Castello®,"47,90 kr","0.15kg 319,33 kr/kg",431 kcal,1779 kJ,42 g,27 g,0.5 g,0.5 g,13 g,1.6 g,,,,,,,,,,,,,,,,,,,,,,,,,,,,,https://handlaprivatkund.ica.se/stores/1004181/products/creamy-blue-bl%C3%A5m%C3%B6gelost-42-150g-castello/1023613
Färskost Kantarell laktosfri 100g Creme Bonjour,"18,90 kr","0.1kg 189,00 kr/kg",228 kcal,944 kJ,20 g,16 g,7.8 g,5.3 g,3.5 g,1.6 g,,,,,,,,,,,,,,,,,,,,,,,,,,,,,https://handlaprivatkund.ica.se/stores/1004181/products/f%C3%A4rskost-kantarell-laktosfri-100g-creme-bonjour/2044643
Smör Normalsaltat Svenskt 82% 500g Arla,"87,00 kr","0.5kg 174,00 kr/kg",739 kcal,3038 kJ,82 g,52 g,0.7 g,0.7 g,0.6 g,1.2 g,,,,1.9 g,20 g,723 µg,,,,,,,,,,,,,,,,,,,,,,,https://handlaprivatkund.ica.se/stores/1004181/products/sm%C3%B6r-normalsaltat-svenskt-82-500g-arla/1268118
Mozzarella Riven 150g Galbani,"41,90 kr","0.15kg 279,33 kr/kg",321 kcal,1333 kJ,25 g,18 g,2 g,1 g,22 g,1 g,,,,,,,,,,,,,,,,,,,,,,,,,,,,,https://handlaprivatkund.ica.se/stores/1004181/products/mozzarella-riven-150g-galbani/1339158
Äggvita Pastöriserad flytande 1kg Kronägg,"51,00 kr","1kg 51,00 kr/kg",47 kcal,198 kJ,0.5 g,0 g,1.8 g,0.9 g,9.7 g,1.1 g,,,,,,,,,,,,,,,,,,,,,,,,,,,,,https://handlaprivatkund.ica.se/stores/1004181/products/%C3%A4ggvita-past%C3%B6riserad-flytande-1kg-kron%C3%A4gg/1455719
Juice Äpple & Fläder Ekologisk 850ml God Morgon®,"43,90 kr","0.85L 51,65 kr/l exkl pant",45 kcal,196 kJ,0 g,0 g,11 g,10 g,0 g,0 g,,,,,,,,,,,,,,,,,,,,,,,,,,,,,https://handlaprivatkund.ica.se/stores/1004181/products/juice-%C3%A4pple-fl%C3%A4der-ekologisk-850ml-god-morgon/2018623
Ägg Frigående M/L KRAV 6-p ICA I love eco,"35,90 kr","6 per frp 5,98 kr/st",140 kcal,600 kJ,10 g,3 g,0.5 g,0 g,12 g,0.4 g,,,,,,,,,,,,,,,,,,,,,,,,,,,,,https://handlaprivatkund.ica.se/stores/1004181/products/%C3%A4gg-frig%C3%A5ende-m-l-krav-6-p-ica-i-love-eco/1357408
Burrata 100g Zeta,"47,90 kr","0.1kg 479,00 kr/kg",232 kcal,959 kJ,21 g,12 g,1.3 g,1.3 g,11 g,0.54 g,,,,,,,,,,,,,,,,,,,,,,,,,,,,,https://handlaprivatkund.ica.se/stores/1004181/products/burrata-100g-zeta/1493556
Yoghurt Original Jordgubb 2% 200g Yoggi®,"14,90 kr","0.2kg 74,50 kr/kg",79 kcal,333 kJ,2 g,1.3 g,11 g,11 g,3.5 g,0.07 g,,0.93 µg,,,,,,,,,,,,,,,,,,,,,,,,,,,https://handlaprivatkund.ica.se/stores/1004181/products/yoghurt-original-jordgubb-2-200g-yoggi/1354132
Goudaost mild 28% ca 850g ICA Basic,Ca,"Ca 0.85kg 125,00 kr/kg",340 kcal,1450 kJ,28 g,19 g,0.5 g,0.5 g,23 g,2 g,,,,,,,,,,,,,,,,,,,,,,,,,,,,,https://handlaprivatkund.ica.se/stores/1004181/products/goudaost-mild-28-ca-850g-ica-basic/1410911
Juice Brasilien Äpple Drakfrukt Guava Lime 1750ml Bravo,"53,00 kr","1.75L 30,29 kr/l",42 kcal,175 kJ,0 g,0 g,9.6 g,9.2 g,0 g,0 g,,,,,,,,,,,,,,,,,,,,,,,,,,,,,https://handlaprivatkund.ica.se/stores/1004181/products/juice-brasilien-%C3%A4pple-drakfrukt-guava-lime-1750ml-bravo/2141596
Protein Salted Caramel Pudding Laktosfri 200g Arla®,"20,90 kr","0.2kg 104,50 kr/kg",74 kcal,311 kJ,1.5 g,0.9 g,7.9 g,4.7 g,10 g,0.29 g,,1.5 µg,200 mg,,,,,,,,,,,,,,,,28.2 mg,,,,,,,,,,https://handlaprivatkund.ica.se/stores/1004181/products/protein-salted-caramel-pudding-laktosfri-200g-arla/2129140
"Proteinpudding Vanilj Maräng Laktosfri 1,3% 180g Valio PROfeel®","22,90 kr","0.18kg 127,22 kr/kg",80 kcal,337 kJ,1.3 g,0.8 g,6 g,4.5 g,11 g,0.21 g,,,300 mg,,,,,,,,,,,,,,,,,,,,,,,,,,https://handlaprivatkund.ica.se/stores/1004181/products/proteinpudding-vanilj-mar%C3%A4ng-laktosfri-1-3-180g-valio-profeel/2112626
Juice Apelsin Röd Grape 1l God Morgon®,"40,90 kr","1L 40,90 kr/l",41 kcal,171 kJ,0 g,0 g,8.4 g,7.9 g,0.7 g,0 g,,,,,,,,23 mg,,,,,,,,,,,,,,,,,,,,,https://handlaprivatkund.ica.se/stores/1004181/products/juice-apelsin-r%C3%B6d-grape-1l-god-morgon/1201739
Räk&Kräftost tub 275g Kavli,"58,00 kr","0.275kg 210,91 kr/kg",190 kcal,800 kJ,14 g,9.1 g,0 g,0 g,16 g,3.3 g,,,,,,,,,,,,,,,,,,,,,,,,,,,,,https://handlaprivatkund.ica.se/stores/1004181/products/r%C3%A4k-kr%C3%A4ftost-tub-275g-kavli/2112707
Havredryck 1l Oddlygood®,"19,90 kr","1L 19,90 kr/l",40 kcal,170 kJ,1 g,0.1 g,6.6 g,3.5 g,1.2 g,0.12 g,0.4 µg,1 µg,120 mg,,,,,,0.21 mg,22.5 µg,,,,,,,,,,,,,,,,,,,https://handlaprivatkund.ica.se/stores/1004181/products/havredryck-1l-oddlygood/2142040
Juice Orange Smooth utan fruktkött 900ml Tropicana,"46,90 kr","0.9L 52,11 kr/l exkl pant",40 kcal,172 kJ,0 g,0 g,9.3 g,8.6 g,0.8 g,0 g,,,,,,,0 g,30 mg,,,,200 mg,,,,,,,,,,13 µg,,,,,,,https://handlaprivatkund.ica.se/stores/1004181/products/juice-orange-smooth-utan-fruktk%C3%B6tt-900ml-tropicana/2038988
Färskost Gräslök 11% 200g Philadelphia,"29,90 kr","0.2kg 149,50 kr/kg",146 kcal,609 kJ,10 g,7 g,5.1 g,5.1 g,7.4 g,0.95 g,,,,,,,0.6 g,,,,,,,,,,,,,,,,,,,,,,https://handlaprivatkund.ica.se/stores/1004181/products/f%C3%A4rskost-gr%C3%A4sl%C3%B6k-11-200g-philadelphia/1024259
Vaniljsås Klassisk Laktosfri 10% 5dl Dreamy Dessert,"40,90 kr","0.5L 81,80 kr/l",170 kcal,750 kJ,10 g,6.4 g,17 g,14 g,3.2 g,0.1 g,,,,,,,,,,,,,,,,,,,,,,,,,,,,,https://handlaprivatkund.ica.se/stores/1004181/products/vaniljs%C3%A5s-klassisk-laktosfri-10-5dl-dreamy-dessert/2092203
Crème fraiche Laktosfri 32% 2dl ICA,"21,90 kr","0.2L 109,50 kr/l",310 kcal,1300 kJ,32 g,20 g,2.4 g,2.4 g,2.4 g,0.1 g,,,,,,300 µg,,,,,,,,,,,,,,,,,,,,,,,https://handlaprivatkund.ica.se/stores/1004181/products/cr%C3%A8me-fraiche-laktosfri-32-2dl-ica/1428806
Crème fraiche Lätt Paprika & chili 11% 2dl ICA,"20,90 kr","0.2L 104,50 kr/l",140 kcal,580 kJ,11 g,7.1 g,5.5 g,4.4 g,2.6 g,1.3 g,,,,,,,,,,,,,,,,,,,,,,,,,,,,,https://handlaprivatkund.ica.se/stores/1004181/products/cr%C3%A8me-fraiche-l%C3%A4tt-paprika-chili-11-2dl-ica/1528080
Hallon björnbär måltidsdryck 2dl ICA,"8,90 kr","1L 8,90 kr/l drickklar",,,,,,,,,,,,,,,,,,,,,,,,,,,,,,,,,,,,,https://handlaprivatkund.ica.se/stores/1004181/products/hallon-bj%C3%B6rnb%C3%A4r-m%C3%A5ltidsdryck-2dl-ica/1514883
Havredyck iKaffe Vanilla 1000ml Oatly,"32,90 kr","1L 32,90 kr/l",72 kcal,300 kJ,3.2 g,0.3 g,9.2 g,5.1 g,1.1 g,0.1 g,0.24 µg,0.5 µg,120 mg,,,,0.8 g,,0.21 mg,,,,,,,,,,,,,,,,,,,,https://handlaprivatkund.ica.se/stores/1004181/products/havredyck-ikaffe-vanilla-1000ml-oatly/2151427
"Hushållsost mild 26% ca 1,1kg Arla",Ca,"Ca 1.1kg 179,00 kr/kg",337 kcal,1399 kJ,26 g,17 g,0 g,0 g,25 g,1.6 g,1.4 µg,,725 mg,,,,,,,,,,,,,,,,,,,,,,,,,,https://handlaprivatkund.ica.se/stores/1004181/products/hush%C3%A5llsost-mild-26-ca-1-1kg-arla/1431959
Ost Herrgård mild skivad 28% 150g ICA,"38,90 kr","0.15kg 259,33 kr/kg",360 kcal,1500 kJ,28 g,18 g,0 g,0 g,27 g,1.2 g,,,750 mg,,,,,,,,,,,,,,,,,,,,,,,,,,https://handlaprivatkund.ica.se/stores/1004181/products/ost-herrg%C3%A5rd-mild-skivad-28-150g-ica/2022196
Yoghurt Original Körsbär 2% 1000g Yoggi®,"36,90 kr","1kg 36,90 kr/kg",79 kcal,333 kJ,2 g,1.3 g,11 g,11 g,3.3 g,0.08 g,,0.91 µg,,,,,,,,,,,,,,,,,,,,,,,,,,,https://handlaprivatkund.ica.se/stores/1004181/products/yoghurt-original-k%C3%B6rsb%C3%A4r-2-1000g-yoggi/2134958
Lätt Crème fraiche Laktosfri 13% 2dl ICA,"20,90 kr","0.2L 104,50 kr/l",150 kcal,600 kJ,13 g,8.3 g,5.1 g,3.2 g,2.9 g,0.1 g,0.5 µg,,,0.3 g,4 g,140 µg,0 g,,,,,,,,,,,,,,,,,,,,,,https://handlaprivatkund.ica.se/stores/1004181/products/l%C3%A4tt-cr%C3%A8me-fraiche-laktosfri-13-2dl-ica/1407323
Cream cheese Naturell 200g ICA,"27,90 kr","0.2kg 139,50 kr/kg",240 kcal,1000 kJ,23 g,15 g,3 g,3 g,5 g,0.8 g,,,,,,,,,,,,,,,,,,,,,,,,,,,,,https://handlaprivatkund.ica.se/stores/1004181/products/cream-cheese-naturell-200g-ica/1023430
Fruktdryck Strawsome Lemonad 850ml Brämhults,"51,00 kr","0.85L 60,00 kr/l exkl pant",41 kcal,172 kJ,0 g,0 g,9.4 g,9.2 g,0 g,0 g,,,,,,,,,,,,,,,,,,,,,,,,,,,,,https://handlaprivatkund.ica.se/stores/1004181/products/fruktdryck-strawsome-lemonad-850ml-br%C3%A4mhults/2151322
Fruktyoghurt Skogsbär Laktosfri 2% 1000g Lindahls,"37,90 kr","1kg 37,90 kr/kg",50 kcal,230 kJ,2 g,1.2 g,3.7 g,3.3 g,5 g,0.1 g,,0.9 µg,,,,,,,,,,,,,,,,,,,,,,,,,,,https://handlaprivatkund.ica.se/stores/1004181/products/fruktyoghurt-skogsb%C3%A4r-laktosfri-2-1000g-lindahls/2107501
Crème fraiche 32% Ekologisk 2dl KRAV Arla Köket®,"21,90 kr","0.2L 109,50 kr/l",310 kcal,1300 kJ,32 g,20 g,2.4 g,2.4 g,2.4 g,0.1 g,,,,,,300 µg,,,,,,,,,,,,,,,,,,,,,,,https://handlaprivatkund.ica.se/stores/1004181/products/cr%C3%A8me-fraiche-32-ekologisk-2dl-krav-arla-k%C3%B6ket/1343721
"Proteinmilkshake ProPud Vanilj Laktosfri 1,5% 330ml NJIE","26,90 kr","0.33L 81,52 kr/l",58 kcal,243 kJ,1.5 g,0.9 g,4.9 g,4.9 g,6.1 g,0.1 g,,,,,,,,,,,,,,,,,,,,,,,,,,,,,https://handlaprivatkund.ica.se/stores/1004181/products/proteinmilkshake-propud-vanilj-laktosfri-1-5-330ml-njie/1527490
"Kvarg Naturell 0,2% 900g Lindahls","47,90 kr","0.9kg 53,22 kr/kg",60 kcal,250 kJ,0.3 g,0.2 g,3.4 g,3.4 g,11 g,0.1 g,,,,,,,,,,,,,,,,,,,,,,,,,,,,,https://handlaprivatkund.ica.se/stores/1004181/products/kvarg-naturell-0-2-900g-lindahls/2011439
"Lättyoghurt Naturell Laktosfri 0,4% 1l Valio","30,90 kr","1kg 30,90 kr/kg",46 kcal,196 kJ,0.4 g,0.2 g,5.2 g,5.2 g,4.7 g,0.13 g,,1 µg,140 mg,,,,,,,,,,,,,,,,,,,,,,,,,,https://handlaprivatkund.ica.se/stores/1004181/products/l%C3%A4ttyoghurt-naturell-laktosfri-0-4-1l-valio/1353734
Juice Blåbär Svartvinbär 900ml Innocent,"47,90 kr","0.9L 53,22 kr/l exkl pant",,,,,,,,,,,,,,,,,,,,,,,,,,,,,,,,,,,,,https://handlaprivatkund.ica.se/stores/1004181/products/juice-bl%C3%A5b%C3%A4r-svartvinb%C3%A4r-900ml-innocent/2052877
Proteinmilkshake Cookies & Cream 330ml Barebells,"33,90 kr","0.33L 102,73 kr/l",58 kcal,245 kJ,1.4 g,0.9 g,3.8 g,3.7 g,7.3 g,0.2 g,,,,,,,,,,,,,,,,,,,,,,,,,,,,,https://handlaprivatkund.ica.se/stores/1004181/products/proteinmilkshake-cookies-cream-330ml-barebells/2149774
"Chokladmjölk Ljus Pucko® 1,5% 1l Cocio","33,90 kr","1L 33,90 kr/l",65 kcal,272 kJ,1.5 g,1 g,9 g,8.9 g,3.6 g,0.08 g,,1 µg,119 mg,,,,,,,,,,,,,,,,,,,,,,,,,,https://handlaprivatkund.ica.se/stores/1004181/products/chokladmj%C3%B6lk-ljus-pucko-1-5-1l-cocio/1431937
Drickkvarg Strawberry Cream 330ml Lindahls,"25,90 kr","0.33L 78,48 kr/l",50 kcal,200 kJ,0.3 g,0.2 g,3.2 g,2.9 g,7.6 g,0.1 g,,,,,,,,,,,,,,,,,,,,,,,,,,,,,https://handlaprivatkund.ica.se/stores/1004181/products/drickkvarg-strawberry-cream-330ml-lindahls/2141778
Kvarg Körsbär Laktosfri 7% 200g Valio,"20,90 kr","0.2kg 104,50 kr/kg",153 kcal,643 kJ,7 g,4.1 g,15 g,15 g,7.2 g,0.08 g,,,,,,,,,,,,,,,,,,,,,,,,,,,,,https://handlaprivatkund.ica.se/stores/1004181/products/kvarg-k%C3%B6rsb%C3%A4r-laktosfri-7-200g-valio/2107530
Grana Padano 12 mån 200g ICA,"77,00 kr","0.2kg 385,00 kr/kg",398 kcal,1654 kJ,29 g,18 g,0 g,0 g,33 g,1.5 g,,,,,,,,,,,,,,,,,,,,,,,,,,,,,https://handlaprivatkund.ica.se/stores/1004181/products/grana-padano-12-m%C3%A5n-200g-ica/1506731
Smoothie Antioxidant 300ml Innocent,"33,90 kr","0.3L 113,00 kr/l exkl pant",,,,,,,,,,,,,,,,,,,,,,,,,,,,,,,,,,,,,https://handlaprivatkund.ica.se/stores/1004181/products/smoothie-antioxidant-300ml-innocent/2057759
Salamiost 18% 250g Fjällbrynt,"48,90 kr","0.25kg 195,60 kr/kg",220 kcal,900 kJ,17 g,11 g,0.4 g,0.1 g,15 g,2.4 g,,,,,,,,,,,,,,,,,,,,,,,,,,,,,https://handlaprivatkund.ica.se/stores/1004181/products/salamiost-18-250g-fj%C3%A4llbrynt/1427826
Shot Ingefära 65ml RÅ,"15,90 kr","0.065L 244,62 kr/l",38 kcal,163 kJ,0 g,0 g,7 g,6 g,0.5 g,0 g,,,,,,,,,,,,,,,,,,,,,,,,,,,,,https://handlaprivatkund.ica.se/stores/1004181/products/shot-ingef%C3%A4ra-65ml-r%C3%A5/2107610
Crème fraiche Lätt 13% 2dl ICA,"17,90 kr","0.2L 89,50 kr/l",150 kcal,600 kJ,13 g,8.3 g,5.1 g,3.2 g,2.9 g,0.1 g,,,,0.4 g,3.7 g,140 µg,0 g,,,,,,,,,,,,,,,,,,,,,,https://handlaprivatkund.ica.se/stores/1004181/products/cr%C3%A8me-fraiche-l%C3%A4tt-13-2dl-ica/1528075
Smör & Raps Extrasaltat 75% 500g Bregott®,"69,00 kr","0.5kg 138,00 kr/kg",678 kcal,2789 kJ,75 g,33 g,0.4 g,0.4 g,0.4 g,1.8 g,,20 µg,,8.7 g,28 g,950 µg,,,,,,,,,,,,,,,,,,,,,,,https://handlaprivatkund.ica.se/stores/1004181/products/sm%C3%B6r-raps-extrasaltat-75-500g-bregott/2129123
"Lingondryck Koncentrat 2,5dl Jokk","30,90 kr","1L 30,90 kr/l drickklar",40 kcal,170 kJ,0 g,0 g,9.8 g,9.8 g,0 g,0 g,,,,,,,,50 mg,,,,,,,,,,,,,,,,,,,,,https://handlaprivatkund.ica.se/stores/1004181/products/lingondryck-koncentrat-2-5dl-jokk/1269851
"Havredryck ""No"" Sugars 1000ml Oatly","25,90 kr","1L 25,90 kr/l",44 kcal,185 kJ,1.5 g,0.2 g,6.3 g,0 g,1 g,0.12 g,0.24 µg,1.1 µg,120 mg,,,,0.7 g,,0.21 mg,22.5 µg,,,,,,,,,,,,,,,,,,,https://handlaprivatkund.ica.se/stores/1004181/products/havredryck-no-sugars-1000ml-oatly/2119003
Juice Apelsin 850ml God Morgon®,"47,90 kr","0.85L 56,35 kr/l exkl pant",43 kcal,180 kJ,0 g,0 g,8.8 g,8.5 g,0 g,0 g,,,,,,,,25 mg,,,,,,,,,,,,,,21.8 µg,,,,,,,https://handlaprivatkund.ica.se/stores/1004181/products/juice-apelsin-850ml-god-morgon/2151837
Salladsost 200g ICA Basic,"28,90 kr","0.2kg 144,50 kr/kg",206 kcal,854 kJ,16 g,10 g,1.4 g,1.4 g,14 g,3.5 g,,,,,,,,,,,,,,,,,,,,,,,,,,,,,https://handlaprivatkund.ica.se/stores/1004181/products/salladsost-200g-ica-basic/1411127
Fetaost Original 150g Fontana,"35,90 kr","0.15kg 239,33 kr/kg",278 kcal,1163 kJ,23 g,13.7 g,0.7 g,0.7 g,17 g,2.5 g,,,,,,,,,,,,,,,,,,,,,,,,,,,,,https://handlaprivatkund.ica.se/stores/1004181/products/fetaost-original-150g-fontana/1368007
iMat Fraiche Original 15% 200ml Oatly,"22,90 kr","0.2L 114,50 kr/l",186 kcal,773 kJ,15 g,5.9 g,9.5 g,3.3 g,2 g,0.01 g,,,120 mg,,,,0.9 g,,,,,,,,,,,,,,,,,,,,,,https://handlaprivatkund.ica.se/stores/1004181/products/imat-fraiche-original-15-200ml-oatly/1471018
Messmör Original 5% 350g Fjällbrynt,"40,90 kr","0.35kg 116,86 kr/kg",260 kcal,1100 kJ,5 g,3.2 g,47 g,47 g,6.9 g,1.6 g,,,280 mg,,,,,,,,,,,,,,,,,,,,5 mg,,,,,,https://handlaprivatkund.ica.se/stores/1004181/products/messm%C3%B6r-original-5-350g-fj%C3%A4llbrynt/1362241
Ricotta 250g Zeta,"31,90 kr","0.25kg 127,60 kr/kg",133 kcal,552 kJ,10 g,7 g,3.7 g,3.4 g,7 g,0.43 g,,,,,,,,,,,,,,,,,,,,,,,,,,,,,https://handlaprivatkund.ica.se/stores/1004181/products/ricotta-250g-zeta/1395418
Munkens Svarta skivad ost 31% 150g Wästgöta Kloster,"47,90 kr","0.15kg 319,33 kr/kg",384 kcal,1594 kJ,31 g,20 g,0 g,0 g,25 g,1.2 g,1.4 µg,,756 mg,,,,,,,,,,,,,,,,,,,,,,,,,,https://handlaprivatkund.ica.se/stores/1004181/products/munkens-svarta-skivad-ost-31-150g-w%C3%A4stg%C3%B6ta-kloster/1131582
Smör Normalsaltat 82% 500g ICA,"76,00 kr","0.5kg 152,00 kr/kg",750 kcal,3050 kJ,82 g,52 g,0.7 g,0.7 g,0.6 g,1.2 g,,,,1.6 g,19 g,725 µg,,,,,,,,,,,,,,,,,,,,,,,https://handlaprivatkund.ica.se/stores/1004181/products/sm%C3%B6r-normalsaltat-82-500g-ica/1396289
Lättdryck Svarta vinbär Koncentrat 2dl Kiviks,"10,90 kr","1L 10,90 kr/l drickklar",30 kcal,140 kJ,0 g,0 g,7.8 g,7.8 g,0 g,0 g,,,,,,,,,,,,,,,,,,,,,,,,,,,,,https://handlaprivatkund.ica.se/stores/1004181/products/l%C3%A4ttdryck-svarta-vinb%C3%A4r-koncentrat-2dl-kiviks/1023281
Havredryck Iskaffe Vanilj Glutenfri 1000ml Oddlygood®,"32,90 kr","1L 32,90 kr/l",58 kcal,246 kJ,1.5 g,0.2 g,9.9 g,5.7 g,1.3 g,0.13 g,0.4 µg,1 µg,120 mg,,,,,,0.21 mg,22.5 µg,,,,,,,,,,,,,,,,,,,https://handlaprivatkund.ica.se/stores/1004181/products/havredryck-iskaffe-vanilj-glutenfri-1000ml-oddlygood/2151540
"Familjefavoriter Gouda ost mild ca 1,2kg Arla®",Ca,"Ca 1.2kg 146,00 kr/kg",354 kcal,1471 kJ,28 g,18 g,0 g,0 g,25 g,1.4 g,,,,,,,,,,,,,,,,,,,,,,,,,,,,,https://handlaprivatkund.ica.se/stores/1004181/products/familjefavoriter-gouda-ost-mild-ca-1-2kg-arla/1455242
Yoghurt Mild Laktosfri 3% 1000g Arla Ko®,"30,90 kr","1kg 30,90 kr/kg",53 kcal,221 kJ,3 g,1.95 g,1.8 g,1.8 g,4 g,0.1 g,,1 µg,123 mg,,,,,,,,,,,,,,,,,,,,,,,,,,https://handlaprivatkund.ica.se/stores/1004181/products/yoghurt-mild-laktosfri-3-1000g-arla-ko/2141617
Familjefavoriter Port salut mild 26% ca 750g Arla,Ca,"Ca 0.75kg 146,00 kr/kg",340 kcal,1411 kJ,26 g,17 g,0 g,0 g,25 g,1.6 g,1.4 µg,,751 mg,,,,,,,,,,,,,,,,,,,,,,,,,,https://handlaprivatkund.ica.se/stores/1004181/products/familjefavoriter-port-salut-mild-26-ca-750g-arla/1455245
"Lättyoghurt Mild Vanilj 0,5% 1000g Arla Ko®","29,90 kr","1kg 29,90 kr/kg",58 kcal,244 kJ,0.5 g,0.3 g,8.6 g,8.6 g,4 g,0.09 g,,1 µg,121 mg,,,,,,,,,,,,,,,,,,,,,,,,,,https://handlaprivatkund.ica.se/stores/1004181/products/l%C3%A4ttyoghurt-mild-vanilj-0-5-1000g-arla-ko/2032491
Götene Hushållsost ca 500 g Arla,Ca,"Ca 0.5kg 188,00 kr/kg",343 kcal,1424 kJ,26 g,17 g,0 g,0 g,26 g,1.2 g,,,782 mg,,,,,,,,,,,,,,,,,,,,,,,,,,https://handlaprivatkund.ica.se/stores/1004181/products/g%C3%B6tene-hush%C3%A5llsost-ca-500-g-arla/2128318
Smoothie Energise 300ml Innocent,"33,90 kr","0.3L 113,00 kr/l exkl pant",,,,,,,,,,,,,,,,,,,,,,,,,,,,,,,,,,,,,https://handlaprivatkund.ica.se/stores/1004181/products/smoothie-energise-300ml-innocent/2057765
Matyoghurt Turkisk Laktosfri 10% 1000g Arla Ko®,"53,00 kr","1kg 53,00 kr/kg",119 kcal,494 kJ,10 g,6.5 g,3.4 g,3.4 g,3.2 g,0.08 g,,,,,,,,,,,,,,,,,,,,,,,,,,,,,https://handlaprivatkund.ica.se/stores/1004181/products/matyoghurt-turkisk-laktosfri-10-1000g-arla-ko/2107525
Kokos Saltad Karamell 340g Alpro,"51,00 kr","0.34kg 150,00 kr/kg",105 kcal,440 kJ,5.1 g,4.7 g,13.9 g,8.9 g,0.5 g,0.23 g,,,,,,,0 g,,,,,,,,,,,,,,,,,,,,,,https://handlaprivatkund.ica.se/stores/1004181/products/kokos-saltad-karamell-340g-alpro/2151430
Proteinmilkshake Jordgubb 330ml Barebells,"33,90 kr","0.33L 102,73 kr/l",58 kcal,245 kJ,1.4 g,0.9 g,3.8 g,3.7 g,7.3 g,0.22 g,,,,,,,,,,,,,,,,,88 mg,,,,,,,,,,,,https://handlaprivatkund.ica.se/stores/1004181/products/proteinmilkshake-jordgubb-330ml-barebells/2005970
Ost mellanlagrad Meja 31% ca 750g ICA,Ca,"Ca 0.75kg 175,00 kr/kg",380 kcal,1600 kJ,31 g,20 g,0 g,0 g,26 g,1.2 g,,,710 mg,,,,,,,,,,,,,,,,,,,,,,,,,,https://handlaprivatkund.ica.se/stores/1004181/products/ost-mellanlagrad-meja-31-ca-750g-ica/2126955
Tomatjuice 1l Kiviks,"38,90 kr","1L 38,90 kr/l",25 kcal,100 kJ,0.1 g,0 g,3.7 g,3.7 g,1 g,0.3 g,,,,,,,1.2 g,,,,,,,,,,,,,,,,,,,,,,https://handlaprivatkund.ica.se/stores/1004181/products/tomatjuice-1l-kiviks/1421975
Smoothie Kraft Tropiska frukter 300ml Brämhults,"36,90 kr","0.3L 123,00 kr/l exkl pant",54 kcal,230 kJ,0 g,0 g,12 g,11 g,0.7 g,0.01 g,,2.5 µg,,,,,1 g,80 mg,,,,,,,,,,,,,,,,,,,,,https://handlaprivatkund.ica.se/stores/1004181/products/smoothie-kraft-tropiska-frukter-300ml-br%C3%A4mhults/2063054
Havredryck 1% 1l ICA Basic,"15,90 kr","1L 15,90 kr/l",44 kcal,185 kJ,1 g,0.1 g,7.6 g,2.5 g,0.8 g,0.1 g,0.38 µg,1 µg,120 mg,,,,,,0.21 mg,,,,,,,,,,,,,,,,,,,,https://handlaprivatkund.ica.se/stores/1004181/products/havredryck-1-1l-ica-basic/2157295
"Proteinkvarg Blåbär Laktosfri 0,2% 200g Arla®","21,90 kr","0.2kg 109,50 kr/kg",71 kcal,302 kJ,0.2 g,0.1 g,6.4 g,6 g,10 g,0.11 g,,,,,,,,,,,,,,,,,,,,,,,,,,,,,https://handlaprivatkund.ica.se/stores/1004181/products/proteinkvarg-bl%C3%A5b%C3%A4r-laktosfri-0-2-200g-arla/2151766
"Havredryck Ekologisk 0,5% 1l Oatly","26,90 kr","1L 26,90 kr/l",39 kcal,166 kJ,0.5 g,0.1 g,7.2 g,3.4 g,1.1 g,0.1 g,,1.1 µg,,,,,0.8 g,,,,,,,,,,,,,,,,,,,,,,https://handlaprivatkund.ica.se/stores/1004181/products/havredryck-ekologisk-0-5-1l-oatly/1475744
Havredryck Matcha 1000ml Oatly,"39,90 kr","1L 39,90 kr/l",68 kcal,285 kJ,2.8 g,0.3 g,7.8 g,4.5 g,1.1 g,0.15 g,,,120 mg,,,,1 g,,,,,,,,,,,,,,,,,,,,,,https://handlaprivatkund.ica.se/stores/1004181/products/havredryck-matcha-1000ml-oatly/2171390
"Vaniljyoghurt Lätt 0,5% 1000g ICA","26,90 kr","1kg 26,90 kr/kg",56 kcal,236 kJ,0.5 g,0.5 g,7.8 g,7.4 g,3.7 g,0.1 g,,0.9 µg,,,,,,,,,,,,,,,,,,,,,,,,,,,https://handlaprivatkund.ica.se/stores/1004181/products/vaniljyoghurt-l%C3%A4tt-0-5-1000g-ica/1520804
Fruktdryck Sunny Orange Sockerfri 1000ml Lowcaly,"29,90 kr","1L 29,90 kr/l exkl pant",6 kcal,24 kJ,0 g,0 g,0.5 g,0.5 g,0 g,0.07 g,0.25 µg,0.5 µg,,,,80 µg,,30 mg,,,0.6 mg,,,,,,,,,,,,,0.14 mg,1.6 mg,5 µg,,,https://handlaprivatkund.ica.se/stores/1004181/products/fruktdryck-sunny-orange-sockerfri-1000ml-lowcaly/2128866
Ost Riven Folke 150g ICA,"36,90 kr","0.15kg 246,00 kr/kg",380 kcal,1600 kJ,30 g,19 g,2.8 g,0 g,25 g,1.2 g,,,690 mg,,,,,,,,,,,,,,,,,,,,,,,,,,https://handlaprivatkund.ica.se/stores/1004181/products/ost-riven-folke-150g-ica/2021349
Vaniljyoghurt 2% 1000g ICA,"26,90 kr","1kg 26,90 kr/kg",80 kcal,320 kJ,2 g,1.3 g,10 g,10 g,3.6 g,0.1 g,,0.9 µg,,,,,,,,,,,,,,,,,,,,,,,,,,,https://handlaprivatkund.ica.se/stores/1004181/products/vaniljyoghurt-2-1000g-ica/1520803
Yoghurt Original Citron 2% 1000g Yoggi®,"36,90 kr","1kg 36,90 kr/kg",77 kcal,325 kJ,2 g,1.3 g,11 g,10 g,3.3 g,0.11 g,,0.93 µg,,,,,,,,,,,,,,,,,,,,,,,,,,,https://handlaprivatkund.ica.se/stores/1004181/products/yoghurt-original-citron-2-1000g-yoggi/2080487
Bredbar Vegansk Ekologisk 225g Naturli',"35,90 kr","0.225kg 159,56 kr/kg",681 kcal,2801 kJ,75 g,26 g,0.5 g,0.5 g,0.5 g,0.9 g,,,,16 g,33 g,,,,,,,,,,,,,,,,,,,,,,,,https://handlaprivatkund.ica.se/stores/1004181/products/bredbar-vegansk-ekologisk-225g-naturli/2013730
Smoothie Vitamin Blåbär Hallon 850ml Brämhults,"62,00 kr","0.85L 72,94 kr/l exkl pant",54 kcal,226 kJ,0 g,0 g,12 g,11 g,0.6 g,0.01 g,,,,,,,1 g,85 mg,,,,,,,,,,1.8 mg,,,,,,,,,,,https://handlaprivatkund.ica.se/stores/1004181/products/smoothie-vitamin-bl%C3%A5b%C3%A4r-hallon-850ml-br%C3%A4mhults/2062854
Juice Apelsin Ananas Ingefära Gurkmeja 850ml Brämhults,"64,00 kr","0.85L 75,29 kr/l exkl pant",41 kcal,173 kJ,0 g,0 g,9.3 g,8.9 g,0.5 g,0 g,,,,,,,,30 mg,,,,,,,,,,,,,,,,,,,,,https://handlaprivatkund.ica.se/stores/1004181/products/juice-apelsin-ananas-ingef%C3%A4ra-gurkmeja-850ml-br%C3%A4mhults/2062832
"Kvarg Vaniljsmak 0,2% 900g Lindahls","54,00 kr","0.9kg 60,00 kr/kg",60 kcal,240 kJ,0.2 g,0 g,3.5 g,3.2 g,10 g,0.1 g,,,,,,,,,,,,,,,,,,,,,,,,,,,,,https://handlaprivatkund.ica.se/stores/1004181/products/kvarg-vaniljsmak-0-2-900g-lindahls/2023874
"Vispgrädde 36% Längre hållbarhet 2,5dl ICA","22,90 kr","0.25L 91,60 kr/l",346 kcal,1427 kJ,36 g,23 g,3.2 g,3.2 g,2.4 g,0.06 g,,,,,,,,,,,,,,,,,,,,,,,,,,,,,https://handlaprivatkund.ica.se/stores/1004181/products/vispgr%C3%A4dde-36-l%C3%A4ngre-h%C3%A5llbarhet-2-5dl-ica/1528023
Cream cheese Vitlök & örter 200g ICA,"27,90 kr","0.2kg 139,50 kr/kg",240 kcal,1000 kJ,23 g,15 g,3 g,2.9 g,5 g,1.1 g,,,,,,,,,,,,,,,,,,,,,,,,,,,,,https://handlaprivatkund.ica.se/stores/1004181/products/cream-cheese-vitl%C3%B6k-%C3%B6rter-200g-ica/1023431
Ägg Frigående M/L 10-p ICA,"41,90 kr","10 per frp 4,19 kr/st",137 kcal,575 kJ,9.7 g,2.6 g,0.4 g,0 g,12.3 g,0.36 g,1.5 µg,1.4 µg,,,,233 µg,,,0.5 mg,28.6 µg,,,,,,,,5.6 mg,,22.7 µg,,,,,,,,,https://handlaprivatkund.ica.se/stores/1004181/products/%C3%A4gg-frig%C3%A5ende-m-l-10-p-ica/1466333
Halloumi Grillost Laktosfri 150g Zeta,"44,90 kr","0.15kg 299,33 kr/kg",320 kcal,1329 kJ,24 g,15 g,2.6 g,2.6 g,23 g,2.6 g,,,,,,,,,,,,,,,,,,,,,,,,,,,,,https://handlaprivatkund.ica.se/stores/1004181/products/halloumi-grillost-laktosfri-150g-zeta/1442136
Shot Ginger 450ml God Morgon®,"52,00 kr","0.45L 115,56 kr/l",41 kcal,173 kJ,0.5 g,0 g,9.6 g,8.8 g,0.2 g,0.01 g,,0.7 µg,,,,,0 g,40 mg,,,,,,,,,,2.5 mg,,,,,,,,,,,https://handlaprivatkund.ica.se/stores/1004181/products/shot-ginger-450ml-god-morgon/2101424
Ost Parveggio Riven Vegansk 100g Green Vie,"36,90 kr","0.1kg 369,00 kr/kg",333 kcal,1386 kJ,22.7 g,20 g,32 g,0 g,0.1 g,2.9 g,2.54 µg,,,,,,,,,,,,,,,,,,,,,,,,,,,,https://handlaprivatkund.ica.se/stores/1004181/products/ost-parveggio-riven-vegansk-100g-green-vie/2027165
Fruktdryck Svartvinbär 1l Proviva,"43,90 kr","1L 43,90 kr/l",46 kcal,192 kJ,0.1 g,0 g,10.6 g,9.9 g,0.1 g,0.03 g,,,,,,,0.5 g,35 mg,,,,,,,,,,,,,,,,,,,,,https://handlaprivatkund.ica.se/stores/1004181/products/fruktdryck-svartvinb%C3%A4r-1l-proviva/2038975
Havredryck Dumle Barista 1000ml Fazer Aito,"22,90 kr","1L 22,90 kr/l",65 kcal,276 kJ,2.6 g,0.2 g,9.6 g,4.8 g,0.9 g,0.1 g,0.38 µg,1 µg,120 mg,,,,,,0.21 mg,,,,,,,,,,,,,,,,,,,,https://handlaprivatkund.ica.se/stores/1004181/products/havredryck-dumle-barista-1000ml-fazer-aito/2169085
Apelsinjuice Nypressad 850ml Brämhults,"60,00 kr","0.85L 70,59 kr/l exkl pant",43 kcal,182 kJ,0 g,0 g,9 g,9 g,0.7 g,0 g,,,,,,,0.7 g,45 mg,,,,,,,,,,,,,,,,,,,,,https://handlaprivatkund.ica.se/stores/1004181/products/apelsinjuice-nypressad-850ml-br%C3%A4mhults/2062845
Ärtdryck Barista Zero 1l Sproud,"26,90 kr","1L 26,90 kr/l",30 kcal,140 kJ,3 g,0.2 g,0 g,0 g,2 g,0.13 g,0.38 µg,1 µg,120 mg,,,,,,0.21 mg,,,,,,,,,,,,,,,,,,,,https://handlaprivatkund.ica.se/stores/1004181/products/%C3%A4rtdryck-barista-zero-1l-sproud/2024983
"Yoghurt Mild Naturlig fetthalt 3,8-4,5% Ekologisk 1000g Arla Ko®","28,90 kr","1kg 28,90 kr/kg",65 kcal,280 kJ,4 g,2.6 g,3.8 g,3.8 g,3.4 g,0.1 g,,,120 mg,,,,,,,,,,,,,,,,,,,,,,,,,,https://handlaprivatkund.ica.se/stores/1004181/products/yoghurt-mild-naturlig-fetthalt-3-8-4-5-ekologisk-1000g-arla-ko/2032854
Havredryck Barista Glutenfri 3% 1l Oddlygood®,"24,90 kr","1L 24,90 kr/l",58 kcal,244 kJ,3 g,0.3 g,6.6 g,3.5 g,1.2 g,0.1 g,0.4 µg,1 µg,120 mg,,,,0.4 g,,0.21 mg,22.5 µg,,,,,,,,,,,,,,,,,,,https://handlaprivatkund.ica.se/stores/1004181/products/havredryck-barista-glutenfri-3-1l-oddlygood/2044852
Smoothie Berry Antioxidant 300ml Innocent,"33,90 kr","0.3L 113,00 kr/l",197 kcal,47 kJ,0.5 g,0.1 g,11 g,9.1 g,0.5 g,0.01 g,,,,,,,1.3 g,15 mg,0.38 mg,,,,,,,,,3.4 mg,,,,,,0.36 mg,4 mg,,0.32 mg,,https://handlaprivatkund.ica.se/stores/1004181/products/smoothie-berry-antioxidant-300ml-innocent/2101426
Blue cheese vegan Glutenfri Laktosfri 200g Green Vie,"43,90 kr","0.2kg 219,50 kr/kg",293 kcal,1224 kJ,24 g,21 g,19 g,0 g,0.5 g,2.5 g,2.5 µg,,,,,,,,,,,,,,,,,,,,,,,,,,,,https://handlaprivatkund.ica.se/stores/1004181/products/blue-cheese-vegan-glutenfri-laktosfri-200g-green-vie/2045081
Fruktdryck Mango 1l Rubicon,"32,90 kr","1L 32,90 kr/l",61 kcal,258 kJ,0.5 g,0.5 g,13 g,13 g,0.5 g,0.01 g,,,,,,,,30 mg,,,,,,,,,,,,,,,,,,,,,https://handlaprivatkund.ica.se/stores/1004181/products/fruktdryck-mango-1l-rubicon/2025688
Juice Jordgubb Lime 850ml Brämhults,"54,00 kr","0.85L 63,53 kr/l exkl pant",40 kcal,167 kJ,0 g,0 g,9.3 g,9.3 g,0 g,0 g,,,,,,,,,,,,,,,,,,,,,,,,,,,,,https://handlaprivatkund.ica.se/stores/1004181/products/juice-jordgubb-lime-850ml-br%C3%A4mhults/2062831
"Cottage Cheese Ananas Passion 2,9% 500g Keso","48,90 kr","0.5kg 97,80 kr/kg",100 kcal,410 kJ,2.9 g,1.9 g,5.7 g,4.9 g,12 g,0.8 g,,,,,,,,,,,,,,,,,,,,,,,,,,,,,https://handlaprivatkund.ica.se/stores/1004181/products/cottage-cheese-ananas-passion-2-9-500g-keso/2080545
Kombucha Äpple 330ml Humm,"31,90 kr","0.33L 96,67 kr/l exkl pant",18 kcal,75 kJ,0 g,0 g,5 g,3 g,0 g,0 g,,,,,,,,,,,,,,,,,,,,,,,,,,,,,https://handlaprivatkund.ica.se/stores/1004181/products/kombucha-%C3%A4pple-330ml-humm/2118391
Gräddalternativ Mat 15% Laktosfri 250ml Flora,"15,90 kr","0.25L 63,60 kr/l",149 kcal,618 kJ,15 g,4.9 g,2.5 g,1.2 g,0.8 g,0.22 g,,,,,,,,,,,,,,,,,,,,,,,,,,,,,https://handlaprivatkund.ica.se/stores/1004181/products/gr%C3%A4ddalternativ-mat-15-laktosfri-250ml-flora/2107641
"Drickyoghurt Yalla Mango Banan Apelsin 0,5% 350ml Yoggi®","24,90 kr","0.35L 71,14 kr/l",51 kcal,216 kJ,0.5 g,0.3 g,8 g,7.6 g,3.2 g,0.1 g,,,,,,,,,,,,,,,,,,,,,,,,,,,,,https://handlaprivatkund.ica.se/stores/1004181/products/drickyoghurt-yalla-mango-banan-apelsin-0-5-350ml-yoggi/1506053
Präst 12 mån 670g Allerum,"159,00 kr","0.67kg 237,31 kr/kg",400 kcal,1700 kJ,35 g,22 g,0 g,0 g,22 g,1.2 g,1.4 µg,,660 mg,,,320 µg,,,,,,,,,,,,,,,,,,,,,,,https://handlaprivatkund.ica.se/stores/1004181/products/pr%C3%A4st-12-m%C3%A5n-670g-allerum/2112718
"Yoghurt Skogsbär 0,1% 1000g Valio","27,90 kr","1kg 27,90 kr/kg",66 kcal,280 kJ,0.1 g,0 g,12 g,12 g,3.7 g,0.1 g,,,,,,,,,,,,,,,,,,,,,,,,,,,,,https://handlaprivatkund.ica.se/stores/1004181/products/yoghurt-skogsb%C3%A4r-0-1-1000g-valio/1024450
Riven ost original veggie 150g Oddlygood®,"30,90 kr","0.15kg 206,00 kr/kg",298 kcal,1236 kJ,24 g,14 g,21 g,0 g,1 g,2.3 g,1.7 µg,4 µg,0 mg,1.2 g,7.4 g,,2 g,,0.9 mg,87 µg,,,,,,,,,,,,,,,,,,,https://handlaprivatkund.ica.se/stores/1004181/products/riven-ost-original-veggie-150g-oddlygood/2041872
Proteindryck Strawberry Recovery 250ml Gainomax,"28,90 kr","0.25L 115,60 kr/l",96 kcal,408 kJ,0.5 g,0.1 g,15 g,8.3 g,8 g,0.19 g,,,,,,,,,,,,,,,,,,,,,,,,,,,,,https://handlaprivatkund.ica.se/stores/1004181/products/proteindryck-strawberry-recovery-250ml-gainomax/2149790
"Drickkvarg Mango & Vanilj Laktosfri 0,1% 350ml Yalla®","24,90 kr","0.35L 71,14 kr/l",50 kcal,200 kJ,0.1 g,0.1 g,4.7 g,4.1 g,5.9 g,0.11 g,,,,,,,,,,,,,,,,,,,,,,,,,,,,,https://handlaprivatkund.ica.se/stores/1004181/products/drickkvarg-mango-vanilj-laktosfri-0-1-350ml-yalla/2058109
"Proteinshake Choklad Laktosfri 1,5% 250ml Valio PROfeel®","21,90 kr","0.25L 87,60 kr/l",74 kcal,313 kJ,1.6 g,1 g,4.7 g,4.3 g,10 g,0.18 g,,2 µg,280 mg,,,,,,,,,,,,,,,,,,,,,,,,,,https://handlaprivatkund.ica.se/stores/1004181/products/proteinshake-choklad-laktosfri-1-5-250ml-valio-profeel/2080559
Lätt Crème fraiche Tomat & Basilika 11% 2dl Arla Köket®,"24,90 kr","0.2L 124,50 kr/l",140 kcal,600 kJ,11 g,7.1 g,6.2 g,4.5 g,3.3 g,1.1 g,,,,,,,,,,,,,,,,,,,,,,,,,,,,,https://handlaprivatkund.ica.se/stores/1004181/products/l%C3%A4tt-cr%C3%A8me-fraiche-tomat-basilika-11-2dl-arla-k%C3%B6ket/1201451
Halloumiburgare 4 Skivor 200g ICA,"51,00 kr","0.2kg 255,00 kr/kg",,,,,,,,,,,,,,,,,,,,,,,,,,,,,,,,,,,,,https://handlaprivatkund.ica.se/stores/1004181/products/halloumiburgare-4-skivor-200g-ica/1455663
"Hushållsost mild 26% ca 1,1kg ICA",Ca,"Ca 1.1kg 137,00 kr/kg",330 kcal,1400 kJ,26 g,17 g,0 g,0 g,24 g,1.6 g,1.6 µg,,770 mg,,,,,,,,,,,,,,,,,,,,,,,,,,https://handlaprivatkund.ica.se/stores/1004181/products/hush%C3%A5llsost-mild-26-ca-1-1kg-ica/2000634
Lättmargarin Omega 3 38% 600g Becel,"42,90 kr","0.6kg 71,50 kr/kg",348 kcal,1425 kJ,38 g,8.8 g,1.1 g,0 g,0 g,1 g,,20 µg,,12 g,17 g,800 µg,,,,,,,,,,,,,,,,,,,,,0.83 mg,,https://handlaprivatkund.ica.se/stores/1004181/products/l%C3%A4ttmargarin-omega-3-38-600g-becel/2044809
"Havremellanmål Proteingurt Berries Glutenfri 1,7% 400g Oddlygood®","31,90 kr","0.4kg 79,75 kr/kg",91 kcal,377 kJ,1.7 g,0.7 g,13 g,8 g,4.8 g,0.07 g,0.4 µg,1 µg,120 mg,,,,,,0.21 mg,22.5 µg,,,,,,,,,,,,,,,,,,,https://handlaprivatkund.ica.se/stores/1004181/products/havremellanm%C3%A5l-proteingurt-berries-glutenfri-1-7-400g-oddlygood/2151546
Lättdryck Björnbär & hallon Koncentrat 2dl BOB,"11,90 kr","1L 11,90 kr/l drickklar",30 kcal,110 kJ,0 g,0 g,6.5 g,6.4 g,0 g,0 g,,,,,,,,12 mg,,,,,,,,,,,,,,,,,,,,,https://handlaprivatkund.ica.se/stores/1004181/products/l%C3%A4ttdryck-bj%C3%B6rnb%C3%A4r-hallon-koncentrat-2dl-bob/1128041
Gräddfil Laktosfri 10% 3dl Arla Ko®,"20,90 kr","0.3L 69,67 kr/l",119 kcal,495 kJ,10 g,6.5 g,3.4 g,3.4 g,3.2 g,0.08 g,,,,,,,,,,,,,,,,,,,,,,,,,,,,,https://handlaprivatkund.ica.se/stores/1004181/products/gr%C3%A4ddfil-laktosfri-10-3dl-arla-ko/2075552
Filmjölk Laktosfri 3% 1l ICA,"30,90 kr","1kg 30,90 kr/kg",55 kcal,220 kJ,3 g,1.9 g,2.4 g,2.4 g,3.4 g,,,,120 mg,0.07 g,0.7 g,,0 g,,,,,,,,,,,,,,,,,,,,,,https://handlaprivatkund.ica.se/stores/1004181/products/filmj%C3%B6lk-laktosfri-3-1l-ica/1407324
Mellanmål Soygurt Naturell Ekologisk 750g Oddlygood®,"42,90 kr","0.75kg 57,20 kr/kg",53 kcal,222 kJ,2.2 g,0.3 g,3.8 g,2.2 g,4.1 g,0.15 g,,1 µg,,,,,,,,,,,,,,,,,,,,,,,,,,,https://handlaprivatkund.ica.se/stores/1004181/products/mellanm%C3%A5l-soygurt-naturell-ekologisk-750g-oddlygood/2134400
Smältost 8p Den skrattande kon,"30,90 kr","0.133kg 232,33 kr/kg",228 kcal,945 kJ,17.5 g,11.5 g,6 g,6 g,11.5 g,1.7 g,,,,,,,,,,,,,,,,,,,,,,,,,,,,,https://handlaprivatkund.ica.se/stores/1004181/products/sm%C3%A4ltost-8p-den-skrattande-kon/2106962
"Proteinmilkshake Strawberry n' Cream ProPud Laktosfri 1,5% 330ml NIJE","26,90 kr","0.33L 81,52 kr/l",58 kcal,243 kJ,1.5 g,0.9 g,4.9 g,4.9 g,6.1 g,0.1 g,,,,,,,,,,,,,,,,,,,,,,,,,,,,,https://handlaprivatkund.ica.se/stores/1004181/products/proteinmilkshake-strawberry-n-cream-propud-laktosfri-1-5-330ml-nije/2039014
Lättdryck Lingon & tranbär Koncentrat 2dl BOB,"11,90 kr","1L 11,90 kr/l drickklar",30 kcal,120 kJ,0 g,0 g,6.7 g,6.6 g,0 g,0 g,,,,,,,,12 mg,,,,,,,,,,,,,,,,,,,,,https://handlaprivatkund.ica.se/stores/1004181/products/l%C3%A4ttdryck-lingon-tranb%C3%A4r-koncentrat-2dl-bob/1300059
Jarlsberg 27% 500g Wernersson Ost,"106,00 kr","0.5kg 212,00 kr/kg",,,,,,,,,,,,,,,,,,,,,,,,,,,,,,,,,,,,,https://handlaprivatkund.ica.se/stores/1004181/products/jarlsberg-27-500g-wernersson-ost/1410639
Smoothie Hallon Jordgubb & blåbär 1l Bravo,"49,90 kr","1L 49,90 kr/l",50 kcal,200 kJ,0 g,0 g,10 g,9.9 g,0.6 g,0 g,,,,,,,0.9 g,,,,,,,,,,,,,,,,,,,,,,https://handlaprivatkund.ica.se/stores/1004181/products/smoothie-hallon-jordgubb-bl%C3%A5b%C3%A4r-1l-bravo/2000622
Margarin Mat & Bak växtbaserat 500g Milda,"29,90 kr","0.5kg 59,80 kr/kg",710 kcal,2933 kJ,79 g,37 g,0.5 g,0.5 g,0.5 g,1.5 g,,20 µg,,,,900 µg,,,,,,,,,,,,7 mg,,,,,,,,,,,https://handlaprivatkund.ica.se/stores/1004181/products/margarin-mat-bak-v%C3%A4xtbaserat-500g-milda/2118487
Färskost Pepparrot laktosfri 100g Creme Bonjour,"18,90 kr","0.1kg 189,00 kr/kg",236 kcal,974 kJ,20 g,17 g,7.9 g,6.5 g,3.3 g,1.4 g,,,,,,,,,,,,,,,,,,,,,,,,,,,,,https://handlaprivatkund.ica.se/stores/1004181/products/f%C3%A4rskost-pepparrot-laktosfri-100g-creme-bonjour/2044647
"Mellanmjölkdryck 1,5% Laktosfri 1,5l Arla Ko®","30,90 kr","1.5L 20,60 kr/l",37 kcal,154 kJ,1.5 g,1 g,2.4 g,2.4 g,3.4 g,0.08 g,0.4 µg,1 µg,112 mg,,,,,,0.13 mg,,,,,,,,,,,,,,,,,,,,https://handlaprivatkund.ica.se/stores/1004181/products/mellanmj%C3%B6lkdryck-1-5-laktosfri-1-5l-arla-ko/1447284
Goudaost skivad 28% 1kg ICA Basic,"138,00 kr","1kg 138,00 kr/kg",340 kcal,1450 kJ,28 g,19 g,0.5 g,0.5 g,23 g,2 g,,,,,,,,,,,,,,,,,,,,,,,,,,,,,https://handlaprivatkund.ica.se/stores/1004181/products/goudaost-skivad-28-1kg-ica-basic/1411138
"Shot Ingefära & gurkmeja 0,5l Rynkeby","58,00 kr","0.5L 116,00 kr/l",70 kcal,297 kJ,0.5 g,0 g,12 g,12 g,0.7 g,0 g,,,,,,,,40 g,,,,,,,,,,,,,,,,,,,,,https://handlaprivatkund.ica.se/stores/1004181/products/shot-ingef%C3%A4ra-gurkmeja-0-5l-rynkeby/2004092
Fruktdryck Äpple 1000 ml Bravo,"26,90 kr","1L 26,90 kr/l",32 kcal,135 kJ,0 g,0 g,7.7 g,7.3 g,0 g,0 g,,,,,,,,12 mg,,,,,,,,,,,,,,,,,,,,,https://handlaprivatkund.ica.se/stores/1004181/products/fruktdryck-%C3%A4pple-1000-ml-bravo/2151621
Fruktdryck Hallon Granatäpple 1l Proviva,"43,90 kr","1L 43,90 kr/l",39 kcal,166 kJ,0.2 g,0 g,9.1 g,8.4 g,0.4 g,0.03 g,,,,,,,0.5 g,35 mg,,,,,,,,,,,,,,,,,,,,,https://handlaprivatkund.ica.se/stores/1004181/products/fruktdryck-hallon-granat%C3%A4pple-1l-proviva/2038954
Texmex ost riven 29% 150g Arla Köket,"37,90 kr","0.15kg 252,67 kr/kg",370 kcal,1535 kJ,29 g,18 g,1.4 g,0 g,25 g,1.4 g,,,751 mg,,,,,,,,,,,,,,,,,,,,,,,,,,https://handlaprivatkund.ica.se/stores/1004181/products/texmex-ost-riven-29-150g-arla-k%C3%B6ket/1499656
Kvarg Hallon Laktosfri 7% 200g Valio,"20,90 kr","0.2kg 104,50 kr/kg",158 kcal,662 kJ,7 g,4.1 g,16 g,15 g,7.3 g,0.08 g,,,,,,,,,,,,,,,,,,,,,,,,,,,,,https://handlaprivatkund.ica.se/stores/1004181/products/kvarg-hallon-laktosfri-7-200g-valio/2141638
"Yoghurt Naturell Laktosfri 2,5% 1l Valio","31,90 kr","1kg 31,90 kr/kg",58 kcal,254 kJ,2.5 g,1.5 g,4 g,4 g,4.2 g,0.11 g,,1 µg,140 mg,,,,,,,,,,,,,,,,,,,,,,,,,,https://handlaprivatkund.ica.se/stores/1004181/products/yoghurt-naturell-laktosfri-2-5-1l-valio/1363398
Cottage cheese Naturell 4% 500g KESO®,"39,90 kr","0.5kg 79,80 kr/kg",100 kcal,410 kJ,4 g,2.6 g,1.7 g,1.7 g,14 g,0.8 g,,,,,,,,,,,,,,,,,,,,,,,,,,,,,https://handlaprivatkund.ica.se/stores/1004181/products/cottage-cheese-naturell-4-500g-keso/1201811
Smör & Raps Normalsaltat Ekologisk 70% 250g Bregott®,"49,90 kr","0.25kg 199,60 kr/kg",633 kcal,2601 kJ,70 g,30 g,0.4 g,0.4 g,0.3 g,1.2 g,,20 µg,,8.5 g,26 g,950 µg,,,,,,,,,,,,,,,,,,,,,,,https://handlaprivatkund.ica.se/stores/1004181/products/sm%C3%B6r-raps-normalsaltat-ekologisk-70-250g-bregott/2129110
Fruktdryck Hallon Björnbär Utan tillsatt socker 1l ProViva,"44,90 kr","1L 44,90 kr/l",22 kcal,92 kJ,0.1 g,0 g,5.1 g,4.2 g,0.2 g,0.03 g,,,,,,,0.5 g,35 mg,,,,,,,,,,,,,,,,,,,,,https://handlaprivatkund.ica.se/stores/1004181/products/fruktdryck-hallon-bj%C3%B6rnb%C3%A4r-utan-tillsatt-socker-1l-proviva/1447544
Vitmögelost Tryffel 150g Castello,"47,90 kr","0.15kg 319,33 kr/kg",409 kcal,1688 kJ,39 g,24 g,0.5 g,0.5 g,14 g,1.5 g,,,,,,,,,,,,,,,,,,,,,,,,,,,,,https://handlaprivatkund.ica.se/stores/1004181/products/vitm%C3%B6gelost-tryffel-150g-castello/1464856
"Mandeldryck Rostad 1,1% 1l Alpro","33,90 kr","1L 33,90 kr/l",22 kcal,93 kJ,1.1 g,0.1 g,3 g,3 g,0.4 g,0.14 g,0.38 µg,0.75 µg,120 mg,,0.7 g,,0.4 g,,0.21 mg,,,,,,,,0.06 g,1.8 mg,,,,,,,,,,0.3 g,https://handlaprivatkund.ica.se/stores/1004181/products/mandeldryck-rostad-1-1-1l-alpro/1427987
Juice Apelsin 1l God Morgon®,"43,90 kr","1L 43,90 kr/l",43 kcal,183 kJ,0.5 g,0 g,8.8 g,8.8 g,0.7 g,0 g,,,,,,,,20 mg,,,,,,,,,,,,,,,,,,,,,https://handlaprivatkund.ica.se/stores/1004181/products/juice-apelsin-1l-god-morgon/1201853
Havredyck iKaffe Caramel 1000ml Oatly,"32,90 kr","1L 32,90 kr/l",70 kcal,293 kJ,3.2 g,0.3 g,8.8 g,5.1 g,1.1 g,0.1 g,0.24 µg,0.5 µg,120 mg,,,,0.8 g,,0.21 mg,,,,,,,,,,,,,,,,,,,,https://handlaprivatkund.ica.se/stores/1004181/products/havredyck-ikaffe-caramel-1000ml-oatly/2151425
Mat & bakmargarin 80% 500g ICA,"26,90 kr","0.5kg 53,80 kr/kg",700 kcal,2950 kJ,80 g,27 g,0.5 g,0.5 g,0.5 g,1.5 g,,,,,,,,,,,,,,,,,,,,,,,,,,,,,https://handlaprivatkund.ica.se/stores/1004181/products/mat-bakmargarin-80-500g-ica/1309527
Mozzarella 21% Riv 500g Arla,"91,00 kr","0.5kg 182,00 kr/kg",301 kcal,1254 kJ,21 g,13 g,3.2 g,1 g,24 g,1.4 g,,,723 mg,,,,,,,,,,,,,,,,,,,,,,,,,,https://handlaprivatkund.ica.se/stores/1004181/products/mozzarella-21-riv-500g-arla/2101173
Ägg Södermanland Frigående inne M 10-p Kronägg,"40,90 kr","10 per frp 4,09 kr/st",140 kcal,580 kJ,9.7 g,2.6 g,0.5 g,0 g,12 g,0.36 g,1.5 µg,1.4 µg,,,,233 µg,,,0.5 mg,28.6 µg,,,,,,,,5.6 mg,,23 µg,,,,,,,,,https://handlaprivatkund.ica.se/stores/1004181/products/%C3%A4gg-s%C3%B6dermanland-frig%C3%A5ende-inne-m-10-p-kron%C3%A4gg/2075532
Juice Sommar Äpple Fläder 1000ml Bravo,"32,90 kr","1L 32,90 kr/l",45 kcal,180 kJ,0 g,0 g,9.5 g,9.5 g,0 g,0 g,,,,,,,,,,,,,,,,,,,,,,,,,,,,,https://handlaprivatkund.ica.se/stores/1004181/products/juice-sommar-%C3%A4pple-fl%C3%A4der-1000ml-bravo/2128876
Mjölkdryck Laktosfri 3% 1l ICA,"21,90 kr","1L 21,90 kr/l",55 kcal,210 kJ,3 g,1.9 g,3 g,3 g,3.4 g,0.1 g,0.5 µg,1 µg,120 mg,,,,,,0.14 mg,,,,,,,,,,,,,,,,,,,,https://handlaprivatkund.ica.se/stores/1004181/products/mj%C3%B6lkdryck-laktosfri-3-1l-ica/1407325
"Vaniljyoghurt Passionsfrukt Slät 2,2% 1000g Valio","36,90 kr","1kg 36,90 kr/kg",76 kcal,321 kJ,2.2 g,1.3 g,9.7 g,9.5 g,3.8 g,0.11 g,,1 µg,120 mg,,,,,,,,,,,,,,,,,,,,,,,,,,https://handlaprivatkund.ica.se/stores/1004181/products/vaniljyoghurt-passionsfrukt-sl%C3%A4t-2-2-1000g-valio/2096357
Mellanmål XL Jordgubb 215g Mannafrutti,"19,90 kr","0.215kg 92,56 kr/kg",138 kcal,578 kJ,7.2 g,4.9 g,16 g,13 g,2.8 g,0.1 g,,,,,,,,,,,,,,,,,,,,,,,,,,,,,https://handlaprivatkund.ica.se/stores/1004181/products/mellanm%C3%A5l-xl-jordgubb-215g-mannafrutti/1390107
"Mellanmjölk Lång hållbarhet 1,5% 5dl Arla Ko®","15,90 kr","0.5L 31,80 kr/l",47 kcal,195 kJ,1.5 g,1 g,4.7 g,4.7 g,3.5 g,0.09 g,0.4 µg,1 µg,124 mg,,,,,,0.14 mg,,0.5 mg,160 mg,92 mg,139 mg,3.8 µg,,,,,,,,,,,,,,https://handlaprivatkund.ica.se/stores/1004181/products/mellanmj%C3%B6lk-l%C3%A5ng-h%C3%A5llbarhet-1-5-5dl-arla-ko/2118773
Cream cheese Naturell 300g ICA Basic,"29,90 kr","0.3kg 99,67 kr/kg",210 kcal,850 kJ,20 g,13 g,3.1 g,3.1 g,3.6 g,0.8 g,,,,,,,,,,,,,,,,,,,,,,,,,,,,,https://handlaprivatkund.ica.se/stores/1004181/products/cream-cheese-naturell-300g-ica-basic/1476713
Mjukost Ädelost 19% 175g Kavli,"47,90 kr","0.175kg 273,71 kr/kg",220 kcal,900 kJ,18 g,11 g,0 g,0 g,14 g,3.5 g,,,,,,,,,,,,,,,,,,,,,,,,,,,,,https://handlaprivatkund.ica.se/stores/1004181/products/mjukost-%C3%A4delost-19-175g-kavli/1023645
A-fil Plus Dofilus Naturell Laktosfri 3% 1000g Arla®,"36,90 kr","1kg 36,90 kr/kg",52 kcal,216 kJ,3 g,1.9 g,1.8 g,1.8 g,3.7 g,0.09 g,,1 µg,122 mg,,,,,,,,,,,,,,,,,,,,,,,,,,https://handlaprivatkund.ica.se/stores/1004181/products/a-fil-plus-dofilus-naturell-laktosfri-3-1000g-arla/2018480
Stek och bakmargarin 500g Carlshamn,"32,90 kr","0.5kg 65,80 kr/kg",,,,,,,,,,,,,,,,,,,,,,,,,,,,,,,,,,,,,https://handlaprivatkund.ica.se/stores/1004181/products/stek-och-bakmargarin-500g-carlshamn/1479669
Havregrädde iMat 13% 1l Oatly,"39,90 kr","1L 39,90 kr/l",150 kcal,600 kJ,13 g,1.6 g,5.8 g,3.6 g,0.9 g,0.11 g,,,,,,,0.8 g,,,,,,,,,,,,,,,,,,,,,,https://handlaprivatkund.ica.se/stores/1004181/products/havregr%C3%A4dde-imat-13-1l-oatly/1471192
Smör Normalsaltat Svenskt 82% 250g Arla,"60,00 kr","0.25kg 240,00 kr/kg",739 kcal,3038 kJ,82 g,52 g,0.7 g,0.7 g,0.6 g,1.2 g,,,,1.9 g,20 g,723 µg,,,,,,,,,,,,,,,,,,,,,,,https://handlaprivatkund.ica.se/stores/1004181/products/sm%C3%B6r-normalsaltat-svenskt-82-250g-arla/1268161
"Havredryck Naturell 2,8% 1l Oatly","26,90 kr","1L 26,90 kr/l",60 kcal,249 kJ,2.8 g,0.3 g,7.1 g,3.4 g,1.1 g,0.1 g,0.38 µg,1.1 µg,120 mg,,,,0.8 g,,0.21 mg,22.5 µg,,,,,,,,,,,,,,,,,,,https://handlaprivatkund.ica.se/stores/1004181/products/havredryck-naturell-2-8-1l-oatly/2023911
Mandeldryck Natur 1l ICA,"25,90 kr","1L 25,90 kr/l",14 kcal,56 kJ,1.2 g,0.1 g,0.5 g,0.5 g,0.5 g,0.12 g,0.38 µg,0.75 µg,120 mg,,,,0.5 g,,0.21 mg,,,,,,,,,,,,,,,,,,,,https://handlaprivatkund.ica.se/stores/1004181/products/mandeldryck-natur-1l-ica/1510388
Riven Cheddar/Mozzarella 28% 150g ICA,"31,90 kr","0.15kg 212,67 kr/kg",342 kcal,1419 kJ,26 g,18 g,2 g,0.2 g,24 g,1.6 g,,,,,,,,,,,,,,,,,,,,,,,,,,,,,https://handlaprivatkund.ica.se/stores/1004181/products/riven-cheddar-mozzarella-28-150g-ica/1507060
"Havregrädde iMat 13% 2,5dl Oatly","15,90 kr","0.25L 63,60 kr/l",150 kcal,600 kJ,13 g,1.6 g,5.8 g,3.6 g,0.9 g,0.11 g,,,,,,,0.8 g,,,,,,,,,,,,,,,,,,,,,,https://handlaprivatkund.ica.se/stores/1004181/products/havregr%C3%A4dde-imat-13-2-5dl-oatly/1268816
Familjefavoriter Port salut skivad 26% 750g Arla,"131,00 kr","0.75kg 174,67 kr/kg",323 kcal,1343 kJ,25 g,16 g,0 g,0 g,24 g,1.7 g,1.4 µg,,704 mg,,,,,,,,,,,,,,,,,,,,,,,,,,https://handlaprivatkund.ica.se/stores/1004181/products/familjefavoriter-port-salut-skivad-26-750g-arla/1460698
Chèvre 170 g President,"60,00 kr","0.17kg 352,94 kr/kg",275 kcal,1140 kJ,23 g,16 g,0.5 g,0.5 g,17 g,1.5 g,,,,,,,,,,,,,,,,,,,,,,,,,,,,,https://handlaprivatkund.ica.se/stores/1004181/products/ch%C3%A8vre-170-g-president/2107261
Juice Apelsin Äpple & Mandarin 2l Bravo,"53,00 kr","2L 26,50 kr/l",45 kcal,180 kJ,0 g,0 g,9 g,9 g,0 g,0 g,,,,,,,0.3 g,40 mg,,,,,,,,,,,,,,,,,,,,,https://handlaprivatkund.ica.se/stores/1004181/products/juice-apelsin-%C3%A4pple-mandarin-2l-bravo/1364759
Fruktdryck Mandarin 1000ml Bravo,"26,90 kr","1L 26,90 kr/l",32 kcal,136 kJ,0 g,0 g,7.6 g,7.4 g,0 g,0 g,,,,,,,,12 mg,,,,,,,,,,,,,,,,,,,,,https://handlaprivatkund.ica.se/stores/1004181/products/fruktdryck-mandarin-1000ml-bravo/2151623
Herrgård® ost mild 28% ca 730g Arla Ko®,Ca,"Ca 0.73kg 162,00 kr/kg",360 kcal,1493 kJ,28 g,18 g,0 g,0 g,26 g,1.2 g,1.5 µg,,774 mg,,,,,,,,,,,,,,,,,,,,,,,,,,https://handlaprivatkund.ica.se/stores/1004181/products/herrg%C3%A5rd-ost-mild-28-ca-730g-arla-ko/1265134
"Mellanmjölkdryck Laktosfri 1,5% 1l ICA","21,90 kr","1L 21,90 kr/l",,,,,,,,,,,,,,,,,,,,,,,,,,,,,,,,,,,,,https://handlaprivatkund.ica.se/stores/1004181/products/mellanmj%C3%B6lkdryck-laktosfri-1-5-1l-ica/1407322
"Yoghurt Grekisk Jordgubb Laktosfri 4,8% 150g Valio","15,90 kr","0.15kg 106,00 kr/kg",117 kcal,492 kJ,4.8 g,2.8 g,13 g,12 g,4.9 g,0.1 g,,,,,,,,,,,,,,,,,,,,,,,,,,,,,https://handlaprivatkund.ica.se/stores/1004181/products/yoghurt-grekisk-jordgubb-laktosfri-4-8-150g-valio/2151777
Svarta vinbär måltidsdryck 2dl ICA,"8,90 kr","1L 8,90 kr/l drickklar",,,,,,,,,,,,,,,,,,,,,,,,,,,,,,,,,,,,,https://handlaprivatkund.ica.se/stores/1004181/products/svarta-vinb%C3%A4r-m%C3%A5ltidsdryck-2dl-ica/1514891
"Havregurt Mango 1,4% 1000g Oddlygood®","40,90 kr","1kg 40,90 kr/kg",80 kcal,337 kJ,1.4 g,0.2 g,15 g,8.5 g,1.3 g,0.07 g,0.4 µg,1 µg,120 mg,,,,,,0.21 mg,22.5 µg,,,,,,,,,,,,,,,,,,,https://handlaprivatkund.ica.se/stores/1004181/products/havregurt-mango-1-4-1000g-oddlygood/2142036
Cream cheese Naturell Laktosfri 200g Valio Eila,"37,90 kr","0.2kg 189,50 kr/kg",264 kcal,1161 kJ,25 g,14 g,3.5 g,2.6 g,6.3 g,1 g,,,,,,,,,,,,,,,,,,,,,,,,,,,,,https://handlaprivatkund.ica.se/stores/1004181/products/cream-cheese-naturell-laktosfri-200g-valio-eila/1475467
Ädel Klassisk 30% Blåmögelost 140g Kvibille®,"42,90 kr","0.14kg 306,43 kr/kg",,,,,,,,,,,,,,,,,,,,,,,,,,,,,,,,,,,,,https://handlaprivatkund.ica.se/stores/1004181/products/%C3%A4del-klassisk-30-bl%C3%A5m%C3%B6gelost-140g-kvibille/1131648
Smoothie Fokus Äpple Päron Lime 300ml Brämhults,"36,90 kr","0.3L 123,00 kr/l exkl pant",47 kcal,197 kJ,0 g,0 g,11 g,10 g,0 g,0 g,0.22 µg,,,,,,0.4 g,,,,,,,,,,,,30 mg,,,27 µg,,0.13 mg,,,,,https://handlaprivatkund.ica.se/stores/1004181/products/smoothie-fokus-%C3%A4pple-p%C3%A4ron-lime-300ml-br%C3%A4mhults/2091913
Fruktdryck Äpple Apelsin Jordgubb 850ml God Morgon®,"47,90 kr","0.85L 56,35 kr/l exkl pant",42 kcal,177 kJ,0 g,0 g,9.8 g,9 g,0 g,0 g,,,,,,,,,,,,,,,,,,,,,,,,,,,,,https://handlaprivatkund.ica.se/stores/1004181/products/fruktdryck-%C3%A4pple-apelsin-jordgubb-850ml-god-morgon/2151836
Lätt Crème fraiche 13% Laktosfri 200g Arla®,"21,90 kr","0.2L 109,50 kr/l",148 kcal,612 kJ,13 g,8.4 g,3.8 g,3.2 g,3.1 g,0.08 g,,,,,,,,,,,,,,,,,,,,,,,,,,,,,https://handlaprivatkund.ica.se/stores/1004181/products/l%C3%A4tt-cr%C3%A8me-fraiche-13-laktosfri-200g-arla/2107526
Havredryck Choco 1000ml Fazer Aito,"26,90 kr","1L 26,90 kr/l",59 kcal,248 kJ,2.1 g,0.3 g,7.5 g,5.5 g,2.2 g,0.21 g,0.38 µg,1 µg,120 mg,,,,,,0.21 mg,,,,,,,,,,,,,,,,,,,,https://handlaprivatkund.ica.se/stores/1004181/products/havredryck-choco-1000ml-fazer-aito/2142019
Lätt Crème Fraiche Parmesan & Vitlök 12% 2dl Arla Köket®,"24,90 kr","0.2L 124,50 kr/l",143 kcal,591 kJ,12 g,7.8 g,4.5 g,3.4 g,3.7 g,0.93 g,,,,,,,,,,,,,,,,,,,,,,,,,,,,,https://handlaprivatkund.ica.se/stores/1004181/products/l%C3%A4tt-cr%C3%A8me-fraiche-parmesan-vitl%C3%B6k-12-2dl-arla-k%C3%B6ket/1390126
Grillost Norrländsk 24% 200g ICA,"39,90 kr","0.2kg 199,50 kr/kg",,,,,,,,,,,,,,,,,,,,,,,,,,,,,,,,,,,,,https://handlaprivatkund.ica.se/stores/1004181/products/grillost-norrl%C3%A4ndsk-24-200g-ica/2074995
Protein Hazelnut Latte Pudding Laktosfri 200g Arla®,"20,90 kr","0.2kg 104,50 kr/kg",74 kcal,312 kJ,1.5 g,0.9 g,7.8 g,4.7 g,10 g,0.18 g,,1.5 µg,200 mg,,,,0.3 g,,,,,,,,,,,,28.2 mg,,,,,,,,,,https://handlaprivatkund.ica.se/stores/1004181/products/protein-hazelnut-latte-pudding-laktosfri-200g-arla/2129137
Herrgård mild skivad 28% 150g Arla Ko,"43,90 kr","0.15kg 292,67 kr/kg",360 kcal,1493 kJ,28 g,18 g,0 g,0 g,26 g,1.2 g,,,,,,,,,,,,,,,,,,,,,,,,,,,,,https://handlaprivatkund.ica.se/stores/1004181/products/herrg%C3%A5rd-mild-skivad-28-150g-arla-ko/1128901
Lättdryck Äppel Koncentrat 2dl BOB,"11,90 kr","1L 11,90 kr/l drickklar",30 kcal,120 kJ,0 g,0 g,6.9 g,6.5 g,0 g,0 g,,,,,,,,12 mg,,,,,,,,,,,,,,,,,,,,,https://handlaprivatkund.ica.se/stores/1004181/products/l%C3%A4ttdryck-%C3%A4ppel-koncentrat-2dl-bob/1023248
"Mjölk Latte Art® Ekologisk 2,6% 1l Arla®","31,90 kr","1L 31,90 kr/l",60 kcal,250 kJ,2.6 g,1.7 g,5.3 g,5.3 g,3.8 g,0.1 g,0.6 µg,,130 mg,,,,,,0.15 mg,12 µg,0.5 mg,160 mg,95 mg,105 mg,4.7 µg,,,,,,,,,,,,,,https://handlaprivatkund.ica.se/stores/1004181/products/mj%C3%B6lk-latte-art-ekologisk-2-6-1l-arla/1506043
"Hushållsost mild 17 % ca 1,1kg Arla",Ca,"Ca 1.1kg 179,00 kr/kg",272 kcal,1134 kJ,17 g,11 g,0 g,0 g,29 g,1.6 g,1.5 µg,,846 mg,,,,,,,,,,,,,,,,,,,,,,,,,,https://handlaprivatkund.ica.se/stores/1004181/products/hush%C3%A5llsost-mild-17-ca-1-1kg-arla/1431963
"Lätt A-Fil Acidophilus Naturell 0,5% Ekologisk 1000g Arla®","26,90 kr","1kg 26,90 kr/kg",37 kcal,156 kJ,0.5 g,0.3 g,3.8 g,3.8 g,3.6 g,0.09 g,,1 µg,125 mg,,,,,,,,,,,,,,,,,,,,,,,,,,https://handlaprivatkund.ica.se/stores/1004181/products/l%C3%A4tt-a-fil-acidophilus-naturell-0-5-ekologisk-1000g-arla/2018465
Smör & Raps Normalsaltat Laktosfri 70% 500g Bregott®,"84,00 kr","0.5kg 168,00 kr/kg",633 kcal,2602 kJ,70 g,29 g,0.4 g,0.4 g,0.3 g,1.2 g,,20 µg,,9 g,27 g,950 µg,,,,,,,,,,,,,,,,,,,,,,,https://handlaprivatkund.ica.se/stores/1004181/products/sm%C3%B6r-raps-normalsaltat-laktosfri-70-500g-bregott/2128985
Frukostjuice Äpple Rabarber Jordgubb Ekologisk 850ml God Morgon®,"43,90 kr","0.85L 51,65 kr/l exkl pant",44 kcal,185 kJ,0 g,0 g,10 g,9.7 g,0 g,0 g,,,,,,,,,,,,,,,,,,,,,,,,,,,,,https://handlaprivatkund.ica.se/stores/1004181/products/frukostjuice-%C3%A4pple-rabarber-jordgubb-ekologisk-850ml-god-morgon/2107371
"Vispgrädde Laktosfri 36% 2,5dl ICA","21,90 kr","0.25L 87,60 kr/l",346 kcal,1427 kJ,36 g,23 g,3.2 g,3.2 g,2.4 g,0.06 g,,,,,,,,,,,,,,,,,,,,,,,,,,,,,https://handlaprivatkund.ica.se/stores/1004181/products/vispgr%C3%A4dde-laktosfri-36-2-5dl-ica/1407267
Prästost 18m 35% 400g Allerum,"114,00 kr","0.4kg 285,00 kr/kg",400 kcal,1700 kJ,35 g,22 g,0 g,0 g,22 g,1.2 g,1.4 µg,,660 mg,,,320 µg,,,,,,,,,,,,,,,,,,,,,,,https://handlaprivatkund.ica.se/stores/1004181/products/pr%C3%A4stost-18m-35-400g-allerum/2013042
Färskost Gräslök laktosfri 100g Creme Bonjour,"18,90 kr","0.1kg 189,00 kr/kg",221 kcal,927 kJ,20 g,16 g,6.6 g,5.2 g,3.3 g,1.2 g,,,,,,,,,,,,,,,,,,,,,,,,,,,,,https://handlaprivatkund.ica.se/stores/1004181/products/f%C3%A4rskost-gr%C3%A4sl%C3%B6k-laktosfri-100g-creme-bonjour/2044641
Brie 200g Mon Ami,"43,90 kr","0.2kg 219,50 kr/kg",342 kcal,1432 kJ,30 g,19.8 g,0.1 g,0.1 g,18 g,1.3 g,,,,,,,,,,,,,,,,,,,,,,,,,,,,,https://handlaprivatkund.ica.se/stores/1004181/products/brie-200g-mon-ami/2033594
Iskaffe Macchiato Sojabaserad 1l Alpro,"37,90 kr","1L 37,90 kr/l",61 kcal,257 kJ,1.7 g,0.3 g,8.2 g,6.2 g,3 g,0.14 g,0.38 µg,0.75 µg,120 mg,,,,0.5 g,,0.21 mg,,,,,,,,,,,,,,,,,,,,https://handlaprivatkund.ica.se/stores/1004181/products/iskaffe-macchiato-sojabaserad-1l-alpro/2112741
"Juice Apelsin 1,75l God Morgon®","73,00 kr","1.75L 41,71 kr/l",43 kcal,183 kJ,0.5 g,0 g,8.8 g,8.8 g,0.7 g,0 g,,,,,,,,20 mg,,,,,,,,,,,,,,,,,,,,,https://handlaprivatkund.ica.se/stores/1004181/products/juice-apelsin-1-75l-god-morgon/1403553
Dessert Panna Cotta Jordgubb 190g Grand Dessert,"11,90 kr","0.19kg 62,63 kr/kg",109 kcal,457 kJ,4.3 g,2.8 g,15 g,12 g,2.5 g,0.2 g,,,,,,,,,,,,,,,,,,,,,,,,,,,,,https://handlaprivatkund.ica.se/stores/1004181/products/dessert-panna-cotta-jordgubb-190g-grand-dessert/2096382
Mandeldryck Barista Vegansk 1l Alpro,"33,90 kr","1L 33,90 kr/l",24 kcal,99 kJ,1.2 g,0.1 g,2.6 g,2.5 g,0.5 g,0.08 g,,,120 mg,,0.9 g,,0.3 g,,,,,,,,,,0.03 g,,,,,,,,,,,0.2 g,https://handlaprivatkund.ica.se/stores/1004181/products/mandeldryck-barista-vegansk-1l-alpro/2058607
Gräddalternativ Mat Laktosfri 4% 250ml Flora,"15,90 kr","0.25L 63,60 kr/l",60 kcal,251 kJ,4.4 g,1.4 g,4.5 g,1.7 g,1.1 g,0.1 g,,,,,,,,,,,,,,,,,,,,,,,,,,,,,https://handlaprivatkund.ica.se/stores/1004181/products/gr%C3%A4ddalternativ-mat-laktosfri-4-250ml-flora/2107639
Matlagningsgrädde Laktosfri 13% 50ml Arla®,"41,90 kr","0.5L 83,80 kr/l",146 kcal,605 kJ,13 g,8.4 g,4.2 g,4.1 g,3.1 g,0.08 g,0.39 µg,,,,,,,,,,,,,,,,,,,,,,,,,,,,https://handlaprivatkund.ica.se/stores/1004181/products/matlagningsgr%C3%A4dde-laktosfri-13-50ml-arla/2107522
Yoghurt Turkisk Naturell 10% 500g Salakis,"33,90 kr","0.5kg 67,80 kr/kg",130 kcal,530 kJ,10 g,6.6 g,5.1 g,5.1 g,4.2 g,0.1 g,,,,,,,,,,,,,,,,,,,,,,,,,,,,,https://handlaprivatkund.ica.se/stores/1004181/products/yoghurt-turkisk-naturell-10-500g-salakis/1312223
Mildost 330g Kavli,"62,00 kr","0.33kg 187,88 kr/kg",130 kcal,550 kJ,7.4 g,4.7 g,0 g,0 g,16 g,2.8 g,,,,,,,,,,,,,,,,,,,,,,,,,,,,,https://handlaprivatkund.ica.se/stores/1004181/products/mildost-330g-kavli/2011625
Havredryck Barista Vanilj 3% 1000ml Oddlygood®,"31,90 kr","1L 31,90 kr/l",62 kcal,259 kJ,3 g,0.3 g,7.6 g,4.5 g,1.1 g,0.08 g,0.4 µg,1 µg,120 mg,,,,,,0.21 mg,22.5 µg,,,,,,,,,,,,,,,,,,,https://handlaprivatkund.ica.se/stores/1004181/products/havredryck-barista-vanilj-3-1000ml-oddlygood/2107514
"Drickkvarg Smultron Laktosfri 0,8% 330ml Lindahls","22,90 kr","0.33L 69,39 kr/l",,,,,,,,,,,,,,,,,,,,,,,,,,,,,,,,,,,,,https://handlaprivatkund.ica.se/stores/1004181/products/drickkvarg-smultron-laktosfri-0-8-330ml-lindahls/1527537
Yoghurt Turkisk Naturell 10% Ekologisk 1000g Salakis,"58,00 kr","1kg 58,00 kr/kg",125 kcal,520 kJ,10 g,6.6 g,4.3 g,4.3 g,3.9 g,0.1 g,,,,,,,,,,,,,,,,,,,,,,,,,,,,,https://handlaprivatkund.ica.se/stores/1004181/products/yoghurt-turkisk-naturell-10-ekologisk-1000g-salakis/1439636
Matlagningsbas Havre Ekologisk Laktosfri 13% 250ml ICA I love eco,"15,90 kr","0.25L 63,60 kr/l",146 kcal,602 kJ,13 g,1.2 g,5.8 g,3.6 g,0.9 g,0.11 g,,,,,,,0.9 g,,,,,,,,,,,,,,,,,,,,,,https://handlaprivatkund.ica.se/stores/1004181/products/matlagningsbas-havre-ekologisk-laktosfri-13-250ml-ica-i-love-eco/2065074
Pizzaost riven 32% 150g Arla Köket,"37,90 kr","0.15kg 252,67 kr/kg",394 kcal,1635 kJ,32 g,21 g,1.4 g,0 g,24 g,1.2 g,,,717 mg,,,,,,,,,,,,,,,,,,,,,,,,,,https://handlaprivatkund.ica.se/stores/1004181/products/pizzaost-riven-32-150g-arla-k%C3%B6ket/1499816
Cream cheese Vitlök Laktosfri 200g Valio Eila,"37,90 kr","0.2kg 189,50 kr/kg",250 kcal,1036 kJ,23 g,14 g,4.6 g,2.9 g,6.3 g,1 g,,,,,,,,,,,,,,,,,,,,,,,,,,,,,https://handlaprivatkund.ica.se/stores/1004181/products/cream-cheese-vitl%C3%B6k-laktosfri-200g-valio-eila/1475471
Yoghurt Äkta Grekisk Vanilj 0% 500g Larsa Foods,"33,90 kr","0.5kg 67,80 kr/kg",55 kcal,235 kJ,0 g,0 g,4.5 g,3.2 g,9.3 g,0.09 g,,,,,,,,,,,,,,,,,,,,,,,,,,,,,https://handlaprivatkund.ica.se/stores/1004181/products/yoghurt-%C3%A4kta-grekisk-vanilj-0-500g-larsa-foods/2092113
Smoothie Berrylicious 250ml Froosh,"20,00 kr","0.25L 80,00 kr/l",57 kcal,242 kJ,0.1 g,0 g,13 g,12 g,0.4 g,0 g,,,,,,,1.1 g,15 mg,,,,,,,,,,,,,,,,,,,,,https://handlaprivatkund.ica.se/stores/1004181/products/smoothie-berrylicious-250ml-froosh/1274516
Färskost Naturell 25% 150g Arla,"26,90 kr","0.15kg 179,33 kr/kg",252 kcal,1039 kJ,25 g,16 g,3 g,3 g,4.5 g,0.8 g,,,,,,,,,,,,,,,,,,,,,,,,,,,,,https://handlaprivatkund.ica.se/stores/1004181/products/f%C3%A4rskost-naturell-25-150g-arla/1499589
Protein Mjölkdryck Vanilj 5dl Arla®,"22,90 kr","0.5L 45,80 kr/l",45 kcal,189 kJ,0.5 g,0.3 g,4.7 g,4.7 g,5.3 g,0.09 g,0.44 µg,1 µg,176 mg,,,,,,0.14 mg,,0.51 mg,159 mg,100 mg,169 mg,,,,,,,,,,,,,,,https://handlaprivatkund.ica.se/stores/1004181/products/protein-mj%C3%B6lkdryck-vanilj-5dl-arla/1486319
Gräddost 38% Mild 400g ICA,"69,00 kr","0.4kg 172,50 kr/kg",420 kcal,1740 kJ,38 g,24 g,0.5 g,0.5 g,19 g,1.6 g,,,,,,,,,,,,,,,,,,,,,,,,,,,,,https://handlaprivatkund.ica.se/stores/1004181/products/gr%C3%A4ddost-38-mild-400g-ica/1469980
Margarin Culinesse Flytande 500ml Milda,"29,90 kr","0.5L 59,80 kr/l",621 kcal,2555 kJ,69 g,6.4 g,0.5 g,0.5 g,0.5 g,0.87 g,,6.6 µg,,17 g,45 g,725 µg,,,,,,,,,,,,,,,,,,,,,,,https://handlaprivatkund.ica.se/stores/1004181/products/margarin-culinesse-flytande-500ml-milda/2044810
Juice Äpple Mandarin Morot Ekologisk 850ml God Morgon®,"43,90 kr","0.85L 51,65 kr/l exkl pant",44 kcal,184 kJ,0 g,0 g,10 g,9.5 g,0 g,0.02 g,,,,,,,,,,,,,,,,,,,,,,,,,,,,,https://handlaprivatkund.ica.se/stores/1004181/products/juice-%C3%A4pple-mandarin-morot-ekologisk-850ml-god-morgon/2018625
Paneer 200g ICA,"37,90 kr","0.2kg 189,50 kr/kg",240 kcal,998 kJ,18 g,12 g,2.5 g,2.5 g,17 g,1 g,,,,,,,,,,,,,,,,,,,,,,,,,,,,,https://handlaprivatkund.ica.se/stores/1004181/products/paneer-200g-ica/2150054
Herrgård 28% mellanlagrad ca 750g ICA,Ca,"Ca 0.75kg 143,00 kr/kg",360 kcal,1500 kJ,28 g,18 g,0 g,0 g,27 g,1.2 g,,,750 mg,,,,,,,,,,,,,,,,,,,,,,,,,,https://handlaprivatkund.ica.se/stores/1004181/products/herrg%C3%A5rd-28-mellanlagrad-ca-750g-ica/1499881
Paesano 80g Galbani,"36,90 kr","0.08kg 461,25 kr/kg",499 kcal,2078 kJ,35 g,25 g,3 g,0 g,43 g,2 g,,,,,,,,,,,,,,,,,,,,,,,,,,,,,https://handlaprivatkund.ica.se/stores/1004181/products/paesano-80g-galbani/1268732
Mellanmål Hallon 175g Risifrutti,"16,90 kr","0.175kg 96,57 kr/kg",111 kcal,463 kJ,3.3 g,2.1 g,17 g,10 g,3.1 g,0.15 g,,,,,,,,,,,,,,,,,,,,,,,,,,,,,https://handlaprivatkund.ica.se/stores/1004181/products/mellanm%C3%A5l-hallon-175g-risifrutti/1023583
Pecorino Collesardo 200g ICA,"72,00 kr","0.2kg 360,00 kr/kg",450 kcal,1850 kJ,38 g,25 g,0 g,0 g,26 g,2 g,,,,,,,,,,,,,,,,,,,,,,,,,,,,,https://handlaprivatkund.ica.se/stores/1004181/products/pecorino-collesardo-200g-ica/1499780
Hårdost Mozzarella riven 200 g ICA Basic,"32,90 kr","0.2kg 164,50 kr/kg",304 kcal,1263 kJ,22 g,16 g,1.7 g,0 g,25 g,1.3 g,,,,,,,,,,,,,,,,,,,,,,,,,,,,,https://handlaprivatkund.ica.se/stores/1004181/products/h%C3%A5rdost-mozzarella-riven-200-g-ica-basic/2133420
Apelsinjuice 1l Bravo,"39,90 kr","1L 39,90 kr/l",45 kcal,180 kJ,0 g,0 g,9 g,9 g,0.7 g,0 g,,,,,,,0.4 g,25 mg,,,,,,,,,,,,,,,,,,,,,https://handlaprivatkund.ica.se/stores/1004181/products/apelsinjuice-1l-bravo/1437715
Smör & Raps Extrasaltat 75% 250g Bregott®,"43,90 kr","0.25kg 175,60 kr/kg",678 kcal,2789 kJ,75 g,33 g,0.4 g,0.4 g,0.4 g,1.8 g,,20 µg,,8.7 g,28 g,950 µg,,,,,,,,,,,,,,,,,,,,,,,https://handlaprivatkund.ica.se/stores/1004181/products/sm%C3%B6r-raps-extrasaltat-75-250g-bregott/2129109
Färskost Naturell Light 11% 200g Philadelphia,"29,90 kr","0.2kg 149,50 kr/kg",148 kcal,614 kJ,11 g,7.1 g,5.2 g,5.2 g,7.4 g,0.7 g,,,,,,,0.4 g,,,,,,,,,,,,,,,,,,,,,,https://handlaprivatkund.ica.se/stores/1004181/products/f%C3%A4rskost-naturell-light-11-200g-philadelphia/1023682
"Plantgurt Protein Yellow Fruits 2,2% 200g Alpro","22,90 kr","0.2kg 114,50 kr/kg",82 kcal,344 kJ,2.2 g,0.4 g,7.2 g,7 g,7.5 g,0.18 g,0.38 µg,0.75 µg,120 mg,,,,1 g,,,,,,,,,,,,,,,,,,,,,,https://handlaprivatkund.ica.se/stores/1004181/products/plantgurt-protein-yellow-fruits-2-2-200g-alpro/2142016
"Kefir Naturell Laktosfri 2,5% 1000g Valio","32,90 kr","1kg 32,90 kr/kg",55 kcal,229 kJ,2.5 g,1.5 g,3.3 g,3.3 g,3.9 g,0.1 g,,1 µg,120 mg,,,,,,,,,,,,,,,,,,,,,,,,,,https://handlaprivatkund.ica.se/stores/1004181/products/kefir-naturell-laktosfri-2-5-1000g-valio/1487097
Spraygrädde 35% 250g ICA,"44,90 kr","0.25kg 179,60 kr/kg",336 kcal,1383 kJ,35 g,25 g,2.9 g,2.9 g,2.3 g,0.08 g,,,,,,,,,,,,,,,,,,,,,,,,,,,,,https://handlaprivatkund.ica.se/stores/1004181/products/spraygr%C3%A4dde-35-250g-ica/1527961
"Vaniljvisp 2,5dl Dreamy Dessert","20,90 kr","0.25L 83,60 kr/l",177 kcal,738 kJ,10 g,6.8 g,18 g,18 g,3.9 g,0.13 g,,,,,,,,,,,,,,,,,,,,,,,,,,,,,https://handlaprivatkund.ica.se/stores/1004181/products/vaniljvisp-2-5dl-dreamy-dessert/2092205
Yoghurtdryck Mangolassi 250ml Larsa foods,"10,90 kr","0.25L 43,60 kr/l",65 kcal,273 kJ,1.8 g,1.2 g,10 g,7.8 g,1.5 g,0.08 g,,,,,,,,,,,,,,,,,,,,,,,,,,,,,https://handlaprivatkund.ica.se/stores/1004181/products/yoghurtdryck-mangolassi-250ml-larsa-foods/1520562
Smör & Raps Normalsaltat 75% 250g Bregott®,"43,90 kr","0.25kg 175,60 kr/kg",678 kcal,2789 kJ,75 g,33 g,0.4 g,0.4 g,0.4 g,1.2 g,,20 µg,,8.7 g,28 g,950 µg,,,,,,,,,,,,,,,,,,,,,,,https://handlaprivatkund.ica.se/stores/1004181/products/sm%C3%B6r-raps-normalsaltat-75-250g-bregott/2129114
Gårdsgoda Smör & Raps Normalsaltat 75% 250g Valio,"35,90 kr","0.25kg 143,60 kr/kg",667 kcal,2790 kJ,75 g,31 g,0.5 g,0.5 g,0.4 g,1.4 g,,20 µg,,,,,,,,,,,,,,,,,,,,,,,,,,,https://handlaprivatkund.ica.se/stores/1004181/products/g%C3%A5rdsgoda-sm%C3%B6r-raps-normalsaltat-75-250g-valio/2107494
Matlagningsyoghurt Grekisk 10% 450g ICA Selection,"36,90 kr","0.45kg 82,00 kr/kg",130 kcal,540 kJ,10 g,6.2 g,4 g,4 g,6 g,0.11 g,,,,,,,,,,,,,,,,,,,,,,,,,,,,,https://handlaprivatkund.ica.se/stores/1004181/products/matlagningsyoghurt-grekisk-10-450g-ica-selection/2150643
"Vaniljyoghurt 2,1% 1000g Valio","36,90 kr","1kg 36,90 kr/kg",74 kcal,311 kJ,2.1 g,1.2 g,9.5 g,9.2 g,3.6 g,0.1 g,0.4 µg,1 µg,120 mg,,,,,,,,,,,,,,,,,,,,,,,,,,https://handlaprivatkund.ica.se/stores/1004181/products/vaniljyoghurt-2-1-1000g-valio/1025047
Mellanmål Cashewnötter Tropisk frukt 145g KESO®,"30,90 kr","0.145kg 213,10 kr/kg",133 kcal,559 kJ,4.3 g,1.4 g,11 g,7.8 g,13 g,0.72 g,,,,,,,,,,,,,,,,,,,,,,,,,,,,,https://handlaprivatkund.ica.se/stores/1004181/products/mellanm%C3%A5l-cashewn%C3%B6tter-tropisk-frukt-145g-keso/1395608
Halloumi Eko Fontana 200g,"54,00 kr","0.2kg 270,00 kr/kg",296 kcal,1236 kJ,23.5 g,15.5 g,3 g,2.2 g,18 g,2.5 g,,,,,,,,,,,,,,,,,,,,,,,,,,,,,https://handlaprivatkund.ica.se/stores/1004181/products/halloumi-eko-fontana-200g/2116789
"Kvarg Mild Persika Passion Laktosfri 0,2% 450g Arla®","29,90 kr","0.45kg 66,44 kr/kg",60 kcal,270 kJ,0.2 g,0.1 g,4.4 g,3.8 g,9.7 g,0.1 g,,,,,,,,,,,,,,,,,,,,,,,,,,,,,https://handlaprivatkund.ica.se/stores/1004181/products/kvarg-mild-persika-passion-laktosfri-0-2-450g-arla/2156804
Lättdryck Citron & lime Koncentrat 2dl BOB,"11,90 kr","1L 11,90 kr/l drickklar",30 kcal,120 kJ,0 g,0 g,6.5 g,6.4 g,0 g,0 g,,,,,,,,12 mg,,,,,,,,,,,,,,,,,,,,,https://handlaprivatkund.ica.se/stores/1004181/products/l%C3%A4ttdryck-citron-lime-koncentrat-2dl-bob/1300067
Ost Präst 31% Skivad 135g ICA,"38,90 kr","0.135kg 288,15 kr/kg",380 kcal,1600 kJ,31 g,20 g,0 g,0 g,26 g,1.2 g,,,710 mg,,,,,,,,,,,,,,,,,,,,,,,,,,https://handlaprivatkund.ica.se/stores/1004181/products/ost-pr%C3%A4st-31-skivad-135g-ica/2022185
Fruktdryck Fruit Crush Äpple Jordgubb Passionsfrukt 1000ml God Morgon®,"29,90 kr","1L 29,90 kr/l",29 kcal,121 kJ,0 g,0 g,6.9 g,6.6 g,0 g,0 g,,,,,,,,,,,,,,,,,,,,,,,,,,,,,https://handlaprivatkund.ica.se/stores/1004181/products/fruktdryck-fruit-crush-%C3%A4pple-jordgubb-passionsfrukt-1000ml-god-morgon/2166491
Färskost Vitlök & örter 20% 200g Philadelphia,"29,90 kr","0.2kg 149,50 kr/kg",216 kcal,892 kJ,20 g,13 g,4 g,4 g,5.3 g,1 g,,,,,,,0.4 g,,,,,,,,,,,,,,,,,,,,,,https://handlaprivatkund.ica.se/stores/1004181/products/f%C3%A4rskost-vitl%C3%B6k-%C3%B6rter-20-200g-philadelphia/1250789
Ost Folke 31% Skivad 150g ICA,"38,90 kr","0.15kg 259,33 kr/kg",380 kcal,1600 kJ,31 g,20 g,0 g,0 g,26 g,1.2 g,,,710 mg,,,,,,,,,,,,,,,,,,,,,,,,,,https://handlaprivatkund.ica.se/stores/1004181/products/ost-folke-31-skivad-150g-ica/2022198
Smoothie Kraft Tropiska frukter 850ml Brämhults,"62,00 kr","0.85L 72,94 kr/l exkl pant",53 kcal,230 kJ,0 g,0 g,12 g,11 g,0.7 g,0.01 g,,2.5 µg,,,,,1 g,80 mg,,,,,,,,,,,,,,,,,,,,,https://handlaprivatkund.ica.se/stores/1004181/products/smoothie-kraft-tropiska-frukter-850ml-br%C3%A4mhults/2062843
Juice Apelsin Ekologisk 850ml God Morgon®,"47,90 kr","0.85L 56,35 kr/l exkl pant",41 kcal,171 kJ,0 g,0 g,8.8 g,8.3 g,0.8 g,0 g,,,,,,,,30 mg,,,,,,,,,,,,,,,,,,,,,https://handlaprivatkund.ica.se/stores/1004181/products/juice-apelsin-ekologisk-850ml-god-morgon/2018627
Apelsinjuice 2l Bravo,"66,00 kr","2L 33,00 kr/l",45 kcal,180 kJ,0 g,0 g,9 g,9 g,0.7 g,0 g,,,,,,,0.4 g,28 mg,,,,,,,,,,,,,,,,,,,,,https://handlaprivatkund.ica.se/stores/1004181/products/apelsinjuice-2l-bravo/1364740
"Kefir Hallon Laktosfri 2,1% 1000g Valio","37,90 kr","1kg 37,90 kr/kg",67 kcal,282 kJ,2.1 g,1.3 g,7.9 g,7.5 g,3.3 g,0.11 g,,1 µg,100 mg,,,,,,,,,,,,,,,,,,,,,,,,,,https://handlaprivatkund.ica.se/stores/1004181/products/kefir-hallon-laktosfri-2-1-1000g-valio/1487100
Ärtdryck Vanilla 1l Sproud,"26,90 kr","1L 26,90 kr/l",40 kcal,160 kJ,2 g,0.2 g,3.7 g,3.7 g,1.5 g,0.15 g,0.38 µg,1 µg,120 mg,,,,,,0.21 mg,,,,,,,,,,,,,,,,,,,,https://handlaprivatkund.ica.se/stores/1004181/products/%C3%A4rtdryck-vanilla-1l-sproud/2092305
Torrjäst Söta degar 14g 2st Kronjäst,"11,90 kr","0.028kg 425,00 kr/kg",,,,,,,,,,,,,,,,,,,,,,,,,,,,,,,,,,,,,https://handlaprivatkund.ica.se/stores/1004181/products/torrj%C3%A4st-s%C3%B6ta-degar-14g-2st-kronj%C3%A4st/1510829
"Färsk mellanmjölk 1,5% 1l Arla Ko®","18,90 kr","1L 18,90 kr/l",47 kcal,195 kJ,1.5 g,1 g,4.7 g,4.7 g,3.5 g,0.09 g,0.4 µg,1 µg,124 mg,,,,,,0.14 mg,,0.5 mg,160 mg,92 mg,139 mg,3.8 µg,,,,,,,,,,,,,,https://handlaprivatkund.ica.se/stores/1004181/products/f%C3%A4rsk-mellanmj%C3%B6lk-1-5-1l-arla-ko/1202091
Smoothie Mango Mania 250ml Froosh,"20,00 kr","0.25L 80,00 kr/l",57 kcal,240 kJ,0.1 g,0 g,13 g,12 g,0.5 g,0 g,,,,,,,1 g,,,,,,,,,,,,,,,,,,,,,,https://handlaprivatkund.ica.se/stores/1004181/products/smoothie-mango-mania-250ml-froosh/1274567
Veganost Mature Cheddar Flavour Mjölkfri 400g Violife,"61,00 kr","0.4kg 152,50 kr/kg",282 kcal,1174 kJ,21 g,18 g,23 g,0 g,0.2 g,2.2 g,2.5 µg,,,,,,,,,,,,,,,,,,,,,,,,,,,,https://handlaprivatkund.ica.se/stores/1004181/products/veganost-mature-cheddar-flavour-mj%C3%B6lkfri-400g-violife/2033569
"Mjölkdryck Choklad Protein Laktosfri 0,1% 250ml Ehrmann","21,90 kr","0.25L 87,60 kr/l",56 kcal,239 kJ,0.3 g,0.2 g,5.4 g,5.1 g,8 g,0.15 g,,,,,,,,,,,,,,,,,,,,,,,,,,,,,https://handlaprivatkund.ica.se/stores/1004181/products/mj%C3%B6lkdryck-choklad-protein-laktosfri-0-1-250ml-ehrmann/2023936
Goudaost skivad 28% 400g ICA Basic,"63,00 kr","0.4kg 157,50 kr/kg",340 kcal,1450 kJ,28 g,19 g,0.5 g,0.5 g,23 g,2 g,,,,,,,,,,,,,,,,,,,,,,,,,,,,,https://handlaprivatkund.ica.se/stores/1004181/products/goudaost-skivad-28-400g-ica-basic/1411139
Gräddost mild skivad 38% 150g ICA,"37,90 kr","0.15kg 252,67 kr/kg",430 kcal,1750 kJ,38 g,25 g,1.7 g,1.7 g,20 g,1.7 g,,,,,,,,,,,,,,,,,,,,,,,,,,,,,https://handlaprivatkund.ica.se/stores/1004181/products/gr%C3%A4ddost-mild-skivad-38-150g-ica/1500562
Président Brie 200g Delimo AB,"54,00 kr","0.2kg 270,00 kr/kg",,,,,,,,,,,,,,,,,,,,,,,,,,,,,,,,,,,,,https://handlaprivatkund.ica.se/stores/1004181/products/pr%C3%A9sident-brie-200g-delimo-ab/1024360
"Havredryck Choklad 2,5% 1l Oatly","29,90 kr","1L 29,90 kr/l",71 kcal,296 kJ,2.5 g,0.3 g,10 g,6.5 g,1.4 g,0.12 g,0.38 µg,1.1 µg,120 mg,,,,1.2 g,,0.21 mg,22.5 µg,,,,,,,,,,,,,,,,,,,https://handlaprivatkund.ica.se/stores/1004181/products/havredryck-choklad-2-5-1l-oatly/2044918
Havredryck iKaffe 3% 1l Oatly,"24,90 kr","1L 24,90 kr/l",61 kcal,257 kJ,3 g,0.3 g,7.1 g,3.4 g,1.1 g,0.1 g,0.38 µg,1.1 µg,120 mg,,,,0.8 g,,0.21 mg,22.5 µg,,,,,,,,,,,,,,,,,,,https://handlaprivatkund.ica.se/stores/1004181/products/havredryck-ikaffe-3-1l-oatly/1487131
"Drickyoghurt Yalla! Jordgubb Laktosfri 0,5% 350ml Yoggi®","24,90 kr","0.35L 71,14 kr/l",51 kcal,215 kJ,0.5 g,0.3 g,7.9 g,7.6 g,3.1 g,0.1 g,,,,,,,,,,,,,,,,,,,,,,,,,,,,,https://handlaprivatkund.ica.se/stores/1004181/products/drickyoghurt-yalla-jordgubb-laktosfri-0-5-350ml-yoggi/1506055
Smör Extrasaltat Svenskt 81% 500g Arla,"87,00 kr","0.5kg 174,00 kr/kg",731 kcal,3004 kJ,81 g,52 g,0.7 g,0.7 g,0.6 g,1.8 g,,,,1.9 g,20 g,715 µg,,,,,,,,,,,,,,,,,,,,,,,https://handlaprivatkund.ica.se/stores/1004181/products/sm%C3%B6r-extrasaltat-svenskt-81-500g-arla/1268153
Matyoghurt Familjefavoriter Grekisk 10% 500g Arla®,"27,90 kr","0.5kg 55,80 kr/kg",123 kcal,510 kJ,10 g,6.4 g,3.3 g,3.3 g,4.2 g,0.1 g,,,,,,,,,,,,,,,,,,,,,,,,,,,,,https://handlaprivatkund.ica.se/stores/1004181/products/matyoghurt-familjefavoriter-grekisk-10-500g-arla/2134898
"Proteinpudding ProPud Chocolate Laktosfri 1,5% 500g NJIE","48,90 kr","0.5kg 97,80 kr/kg",75 kcal,315 kJ,1.5 g,1 g,4.8 g,4.5 g,10 g,0.3 g,,,,,,,,,,,,,,,,,,,,,,,,,,,,,https://handlaprivatkund.ica.se/stores/1004181/products/proteinpudding-propud-chocolate-laktosfri-1-5-500g-njie/1514205
Ägg Frigående M/L 6-p ICA,"25,90 kr","6 per frp 4,32 kr/st",140 kcal,600 kJ,9.7 g,2.6 g,0.5 g,0.5 g,12 g,0.4 g,,,,,,,,,,,,,,,,,,,,,,,,,,,,,https://handlaprivatkund.ica.se/stores/1004181/products/%C3%A4gg-frig%C3%A5ende-m-l-6-p-ica/1288064
Dessertkvarg Kesella® Hallon 5% 250g Dreamy Dessert,"24,90 kr","0.25kg 99,60 kr/kg",140 kcal,550 kJ,5 g,3.5 g,14 g,13 g,8.1 g,0.1 g,,,,,,,,,,,,,,,,,,,,,,,,,,,,,https://handlaprivatkund.ica.se/stores/1004181/products/dessertkvarg-kesella-hallon-5-250g-dreamy-dessert/2092206
Juice Apelsin Nektar 1000ml God Morgon®,"33,90 kr","1L 33,90 kr/l",39 kcal,163 kJ,0 g,0 g,8.8 g,8.6 g,0 g,0 g,,,,,,,,16 mg,,,,,,,,,,,,,,,,,,,,,https://handlaprivatkund.ica.se/stores/1004181/products/juice-apelsin-nektar-1000ml-god-morgon/2128879
"Grekisk Yoghurt Mild Vanilj 5,3% 1000g Arla Ko®","38,90 kr","1kg 38,90 kr/kg",97 kcal,406 kJ,5.3 g,3.4 g,8.8 g,8.3 g,3 g,0.07 g,,,,,,,,,,,,,,,,,,,,,,,,,,,,,https://handlaprivatkund.ica.se/stores/1004181/products/grekisk-yoghurt-mild-vanilj-5-3-1000g-arla-ko/2032489
"Kvarg Mild Persika Passion Laktosfri 0,2% 1000g Arla®","35,00 kr","1kg 35,00 kr/kg",60 kcal,260 kJ,0.2 g,0.1 g,4.4 g,3.8 g,9.7 g,0.1 g,,,,,,,,,,,,,,,,,,,,,,,,,,,,,https://handlaprivatkund.ica.se/stores/1004181/products/kvarg-mild-persika-passion-laktosfri-0-2-1000g-arla/2096739
"Kvarg Hallonsmak 0,2% 150g Lindahls","14,90 kr","0.15kg 99,33 kr/kg",60 kcal,240 kJ,0.2 g,0 g,3.5 g,3.2 g,10 g,0.1 g,,,,,,,,,,,,,,,,,,,,,,,,,,,,,https://handlaprivatkund.ica.se/stores/1004181/products/kvarg-hallonsmak-0-2-150g-lindahls/1470770
Tropisk nektar Koncentrat 2dl ICA,"17,90 kr","1L 17,90 kr/l drickklar",46 kcal,194 kJ,0.1 g,0 g,11 g,11 g,0.5 g,0 g,,,,,,,,,,,,,,,,,,,,,,,,,,,,,https://handlaprivatkund.ica.se/stores/1004181/products/tropisk-nektar-koncentrat-2dl-ica/1410983
Pecorino-ost Pecorino Roma 8 mån 150 g Zeta,"73,00 kr","0.15kg 486,67 kr/kg",410 kcal,1715 kJ,34 g,22 g,0 g,0 g,26 g,4.2 g,,,,1.2 g,6.3 g,,,,,,,,,,,,,,,,,,,,,,,,https://handlaprivatkund.ica.se/stores/1004181/products/pecorino-ost-pecorino-roma-8-m%C3%A5n-150-g-zeta/2141547
"Mellanfil Naturell 1,5% 1000g Arla Ko®","19,90 kr","1kg 19,90 kr/kg",45 kcal,192 kJ,1.5 g,1 g,3.8 g,3.8 g,3.5 g,0.09 g,,1 µg,124 mg,,,,,,,,,,,,,,,,,,,,,,,,,,https://handlaprivatkund.ica.se/stores/1004181/products/mellanfil-naturell-1-5-1000g-arla-ko/1447264
"Grekisk Yoghurt Citron 0,2% 1000g Arla®","35,00 kr","1kg 35,00 kr/kg",60 kcal,240 kJ,0.2 g,0.1 g,4.4 g,3.8 g,8.7 g,0.16 g,,,,,,,,,,,,,,,,,,,,,,,,,,,,,https://handlaprivatkund.ica.se/stores/1004181/products/grekisk-yoghurt-citron-0-2-1000g-arla/2096741
Lättmargarin Omega 3 38% 400g Becel,"31,90 kr","0.4kg 79,75 kr/kg",348 kcal,1425 kJ,38 g,8.8 g,1.1 g,0 g,0 g,1 g,,20 µg,,12 g,17 g,800 µg,,,,,,,,,,,,,,,,,,,,,0.83 µg,,https://handlaprivatkund.ica.se/stores/1004181/products/l%C3%A4ttmargarin-omega-3-38-400g-becel/2044787
"Drickyoghurt Yalla Hallon Blåbär 0,5% 350ml Yoggi®","24,90 kr","0.35L 71,14 kr/l",50 kcal,220 kJ,0.5 g,0.3 g,8.2 g,7.8 g,3.2 g,0.1 g,,,,,,,,,,,,,,,,,,,,,,,,,,,,,https://handlaprivatkund.ica.se/stores/1004181/products/drickyoghurt-yalla-hallon-bl%C3%A5b%C3%A4r-0-5-350ml-yoggi/1506051
Greek White Block 200g Violife,"43,90 kr","0.2kg 219,50 kr/kg u. spad",305 kcal,1260 kJ,29 g,26 g,11 g,0 g,0 g,1.7 g,2.5 µg,,,,,,,,,,,,,,,,,,,,,,,,,,,,https://handlaprivatkund.ica.se/stores/1004181/products/greek-white-block-200g-violife/2033567
"Färsk mellanmjölk 1,5% Ekologisk 1l Arla Ko®","19,90 kr","1L 19,90 kr/l",47 kcal,195 kJ,1.5 g,1 g,4.7 g,4.7 g,3.5 g,0.09 g,0.4 µg,1 µg,124 mg,,,,,,0.14 mg,,0.5 mg,160 mg,92 mg,139 mg,3.8 µg,,,,,,,,,,,,,,https://handlaprivatkund.ica.se/stores/1004181/products/f%C3%A4rsk-mellanmj%C3%B6lk-1-5-ekologisk-1l-arla-ko/1390120
"Cottage cheese Mini 1,5% Laktosfri 500g KESO®","51,00 kr","0.5kg 102,00 kr/kg",80 kcal,320 kJ,1.5 g,1 g,2.6 g,2 g,13 g,0.8 g,,,,,,,,,,,,,,,,,,,,,,,,,,,,,https://handlaprivatkund.ica.se/stores/1004181/products/cottage-cheese-mini-1-5-laktosfri-500g-keso/1520950
"Kvarg Persika & Passion 0,2% 900g ICA Basic","41,90 kr","0.9kg 46,56 kr/kg",47 kcal,244 kJ,0.2 g,0 g,3.5 g,3.2 g,10 g,0.1 g,,,,,,,,,,,,,,,,,,,,,,,,,,,,,https://handlaprivatkund.ica.se/stores/1004181/products/kvarg-persika-passion-0-2-900g-ica-basic/2133557
Ägg S/M/L 6-p frigående ICA Basic,"21,90 kr","6 per frp 3,65 kr/st",137 kcal,575 kJ,9.7 g,2.6 g,0.5 g,0.5 g,12.3 g,0.36 g,,,,,,,,,,,,,,,,,,,,,,,,,,,,,https://handlaprivatkund.ica.se/stores/1004181/products/%C3%A4gg-s-m-l-6-p-frig%C3%A5ende-ica-basic/2106571
Drickkvarg Chocolate Crush 330ml Lindahls,"25,90 kr","0.33L 78,48 kr/l",50 kcal,210 kJ,0.7 g,0.4 g,3.2 g,2.9 g,7.6 g,0.1 g,,,,,,,,,,,,,,,,,,,,,,,,,,,,,https://handlaprivatkund.ica.se/stores/1004181/products/drickkvarg-chocolate-crush-330ml-lindahls/2141779
"Lättmjölkdryck 0,5% Laktosfri 1l Arla Ko®","24,90 kr","1L 24,90 kr/l",28 kcal,118 kJ,0.5 g,0.3 g,2.4 g,2.4 g,3.4 g,0.08 g,0.4 µg,1 µg,113 mg,,,,,,0.13 mg,,,,,,,,,,,,,,,,,,,,https://handlaprivatkund.ica.se/stores/1004181/products/l%C3%A4ttmj%C3%B6lkdryck-0-5-laktosfri-1l-arla-ko/1354114
Juice Äpple 1l God Morgon®,"35,90 kr","1L 35,90 kr/l",43 kcal,183 kJ,0.5 g,0 g,10 g,9.7 g,0.5 g,0 g,,,,,,,,40 mg,,,,,,,,,,,,,,,,,,,,,https://handlaprivatkund.ica.se/stores/1004181/products/juice-%C3%A4pple-1l-god-morgon/1395834
Gruyere 5-6 mån 200g ICA,"95,00 kr","0.2kg 475,00 kr/kg",400 kcal,1660 kJ,32 g,19 g,0 g,0 g,27 g,1.5 g,,,,,,,,,,,,,,,,,,,,,,,,,,,,,https://handlaprivatkund.ica.se/stores/1004181/products/gruyere-5-6-m%C3%A5n-200g-ica/1500581
Margarin Original växtbaserat 39% 600g Lätta,"32,90 kr","0.6kg 54,83 kr/kg",358 kcal,1474 kJ,39 g,14 g,1.6 g,0.5 g,0.5 g,1.5 g,,20 µg,,8.3 g,17 g,900 µg,,,,,,,,,,,,,,,,,,,,,,,https://handlaprivatkund.ica.se/stores/1004181/products/margarin-original-v%C3%A4xtbaserat-39-600g-l%C3%A4tta/2118486
Cottage cheese 4% Laktosfri 250g KESO®,"26,90 kr","0.25kg 107,60 kr/kg",100 kcal,420 kJ,4 g,2.6 g,1.7 g,1.7 g,14 g,0.8 g,,,,,,,,,,,,,,,,,,,,,,,,,,,,,https://handlaprivatkund.ica.se/stores/1004181/products/cottage-cheese-4-laktosfri-250g-keso/1358288
"Havredryck Barista 2,8% 1000ml Fazer Aito","22,90 kr","1L 22,90 kr/l",62 kcal,256 kJ,2.8 g,0.2 g,7.8 g,3.5 g,1 g,0.1 g,0.38 µg,1 µg,120 mg,,,,,,0.21 mg,,,,,,,,,,,,,,,,,,,,https://handlaprivatkund.ica.se/stores/1004181/products/havredryck-barista-2-8-1000ml-fazer-aito/2128355
Baconost 18% 275g Kavli,"58,00 kr","0.275kg 210,91 kr/kg",200 kcal,850 kJ,16 g,9.6 g,0.7 g,0.3 g,15 g,3.2 g,,,,,,,,,,,,,,,,,,,,,,,,,,,,,https://handlaprivatkund.ica.se/stores/1004181/products/baconost-18-275g-kavli/1023637
Yoghurt Turkisk Naturell Laktosfri 10% 1000g Salakis,"54,00 kr","1kg 54,00 kr/kg",120 kcal,500 kJ,10 g,6.5 g,4.5 g,4.5 g,3.2 g,0.1 g,,,,,,,,,,,,,,,,,,,,,,,,,,,,,https://handlaprivatkund.ica.se/stores/1004181/products/yoghurt-turkisk-naturell-laktosfri-10-1000g-salakis/2129172
Yoghurt Original Jordgubb Smultron 2% Laktosfri 1000 Yoggi®,"39,90 kr","1kg 39,90 kr/kg",77 kcal,323 kJ,2 g,1.3 g,11 g,10 g,3.4 g,0.08 g,,0.93 µg,106 mg,,,,,,,,,,,,,,,,,,,,,,,,,,https://handlaprivatkund.ica.se/stores/1004181/products/yoghurt-original-jordgubb-smultron-2-laktosfri-1000-yoggi/2011795
Götene Hushållsost skivad 300 g Arla,"77,00 kr","0.3kg 256,67 kr/kg",343 kcal,1424 kJ,26 g,17 g,0 g,0 g,26 g,1.2 g,,,782 mg,,,,,,,,,,,,,,,,,,,,,,,,,,https://handlaprivatkund.ica.se/stores/1004181/products/g%C3%B6tene-hush%C3%A5llsost-skivad-300-g-arla/2134559
Präst® ost mellan 31% ca 720g Arla Ko®,Ca,"Ca 0.72kg 162,00 kr/kg",384 kcal,1594 kJ,31 g,20 g,0 g,0 g,25 g,1.2 g,1.4 µg,,756 mg,,,,,,,,,,,,,,,,,,,,,,,,,,https://handlaprivatkund.ica.se/stores/1004181/products/pr%C3%A4st-ost-mellan-31-ca-720g-arla-ko/1265125
Gräddfil 12% 5dl Arla Ko®,"30,90 kr","0.5L 61,80 kr/l",132 kcal,553 kJ,12 g,7.8 g,3.3 g,3.3 g,3.2 g,0.08 g,,,,,,,,,,,,,,,,,,,,,,,,,,,,,https://handlaprivatkund.ica.se/stores/1004181/products/gr%C3%A4ddfil-12-5dl-arla-ko/1201705
"Mjölkdryck Caffé latte Protein Laktosfri 0,1% 250ml Ehrmann","16,90 kr","0.25L 67,60 kr/l",52 kcal,211 kJ,0.1 g,0.1 g,4.8 g,4.8 g,8 g,0.11 g,,,,,,,,,,,,,,,,,,,,,,,,,,,,,https://handlaprivatkund.ica.se/stores/1004181/products/mj%C3%B6lkdryck-caff%C3%A9-latte-protein-laktosfri-0-1-250ml-ehrmann/2033277
Smör- & rapsolja flytande 5dl 80% Arla Köket®,"36,90 kr","0.5L 73,80 kr/l",728 kcal,2993 kJ,80 g,12 g,0.8 g,0.8 g,0.5 g,0.9 g,,20 µg,,20 g,43 g,900 µg,,,,,,,,,,,,,,,,,,,,,,,https://handlaprivatkund.ica.se/stores/1004181/products/sm%C3%B6r-rapsolja-flytande-5dl-80-arla-k%C3%B6ket/2004223
"Lättmjölkdryck Laktosfri 0,5% 1l ICA","21,90 kr","1L 21,90 kr/l",30 kcal,120 kJ,0.5 g,0.3 g,3 g,3 g,3.5 g,0.1 g,0.5 µg,1 µg,120 mg,,,,,,0.14 mg,,,,,,,,,,,,,,,,,,,,https://handlaprivatkund.ica.se/stores/1004181/products/l%C3%A4ttmj%C3%B6lkdryck-laktosfri-0-5-1l-ica/1432245
"Fil Naturell 4,2% 1000g Fjällfil","31,90 kr","1kg 31,90 kr/kg",70 kcal,290 kJ,4.2 g,2.7 g,3.7 g,3.7 g,3.4 g,0.1 g,,1 µg,120 mg,,,,,,,,,,,,,,,,,,,,,,,,,,https://handlaprivatkund.ica.se/stores/1004181/products/fil-naturell-4-2-1000g-fj%C3%A4llfil/2096138
Lätt Crème Fraiche Sötstark Mango 11% 200ml Arla Köket®,"24,90 kr","0.2L 124,50 kr/l",141 kcal,586 kJ,11 g,7.2 g,6.7 g,5.6 g,2.7 g,1.2 g,,,,,,,,,,,,,,,,,,,,,,,,,,,,,https://handlaprivatkund.ica.se/stores/1004181/products/l%C3%A4tt-cr%C3%A8me-fraiche-s%C3%B6tstark-mango-11-200ml-arla-k%C3%B6ket/2151654
Cream cheese Naturell 9% 200g ICA,"27,90 kr","0.2kg 139,50 kr/kg",130 kcal,500 kJ,9 g,6 g,3 g,3 g,8 g,0.7 g,,,,,,,,,,,,,,,,,,,,,,,,,,,,,https://handlaprivatkund.ica.se/stores/1004181/products/cream-cheese-naturell-9-200g-ica/1023429
Margarin bredbar 60% 600g ICA Basic,"21,90 kr","0.6kg 36,50 kr/kg",550 kcal,2250 kJ,60 g,19 g,0.5 g,0.5 g,0.5 g,1 g,,19.5 µg,,11 g,27 g,900 µg,,,,,,,,,,,,,,,,,,,,,,,https://handlaprivatkund.ica.se/stores/1004181/products/margarin-bredbar-60-600g-ica-basic/1417849
Sojaprodukt Greek Style Mango Växtbaserat 400g Alpro,"35,90 kr","0.4kg 89,75 kr/kg",84 kcal,354 kJ,3 g,0.5 g,8.4 g,8.1 g,5.2 g,0.26 g,0.38 µg,0.75 µg,120 mg,,,,1.2 g,,0.21 mg,,,,,,,,,,,,,,,,,,,,https://handlaprivatkund.ica.se/stores/1004181/products/sojaprodukt-greek-style-mango-v%C3%A4xtbaserat-400g-alpro/2134415
Pina colada 1l Tropic Dream,"31,90 kr","1L 31,90 kr/l",64 kcal,274 kJ,0.5 g,0.1 g,15 g,15 g,0.5 g,0.14 g,,,,,,,,,,,,,,,,,,,,,,,,,,,,,https://handlaprivatkund.ica.se/stores/1004181/products/pina-colada-1l-tropic-dream/1460507
Gratängost Riven 150g ICA,"31,90 kr","0.15kg 212,67 kr/kg",340 kcal,1450 kJ,27 g,19 g,1.9 g,0 g,23 g,1.8 g,,,,,,,,,,,,,,,,,,,,,,,,,,,,,https://handlaprivatkund.ica.se/stores/1004181/products/grat%C3%A4ngost-riven-150g-ica/1383648
Mjölk Lång hållbarhet 3% 5dl Arla,"17,90 kr","0.5L 35,80 kr/l",60 kcal,250 kJ,3 g,1.9 g,4.6 g,4.6 g,3.4 g,0.1 g,0.5 µg,1 µg,120 mg,,,,,,0.15 mg,23 µg,,150 mg,95 mg,95 mg,4.7 µg,,,,,,,,,,,,,,https://handlaprivatkund.ica.se/stores/1004181/products/mj%C3%B6lk-l%C3%A5ng-h%C3%A5llbarhet-3-5dl-arla/1284407
Plantgurt Protein Red Berries 200g Alpro,"22,90 kr","0.2kg 114,50 kr/kg",81 kcal,342 kJ,2.2 g,0.4 g,7 g,6.8 g,7.5 g,0.18 g,0.38 µg,0.75 µg,120 mg,,,,1.1 g,,,,,,,,,,,,,,,,,,,,,,https://handlaprivatkund.ica.se/stores/1004181/products/plantgurt-protein-red-berries-200g-alpro/2142017
Fruktdryck Multivitamin 2l Glocken Gold,"27,90 kr","2L 13,95 kr/l",21 kcal,89 kJ,0.5 g,0.1 g,4.9 g,4.8 g,0.5 g,0.01 g,0.38 µg,,,,,120 µg,,12 mg,,,0.9 mg,,,,,,,1.8 mg,,,,30 µg,,0.21 mg,2.4 mg,7.5 µg,0.17 mg,,https://handlaprivatkund.ica.se/stores/1004181/products/fruktdryck-multivitamin-2l-glocken-gold/1023404
Yoghurt Vanilj Mild 2% 1500g ICA,"38,90 kr","1.5kg 25,93 kr/kg",70 kcal,300 kJ,2 g,1.3 g,8.7 g,8.7 g,3.9 g,0.1 g,,1 µg,,,,,,,,,,,,,,,,,,,,,,,,,,,https://handlaprivatkund.ica.se/stores/1004181/products/yoghurt-vanilj-mild-2-1500g-ica/2038421
"Vaniljyoghurt Morotskaka 2,2% 1000g Valio","36,90 kr","1kg 36,90 kr/kg",76 kcal,321 kJ,2.2 g,1.3 g,9.7 g,9.5 g,3.8 g,0.1 g,,1 µg,120 mg,,,,,,,,,,,,,,,,,,,,,,,,,,https://handlaprivatkund.ica.se/stores/1004181/products/vaniljyoghurt-morotskaka-2-2-1000g-valio/2169148
"Kefir Hallon Granatäpple Laktosfri 1,5% 1000g Salakis","35,90 kr","1kg 35,90 kr/kg",58 kcal,246 kJ,1.3 g,0.9 g,8.5 g,8 g,3 g,0.1 g,,0.9 µg,,,,,,,,,,,,,,,,,,,,,,,,,,,https://handlaprivatkund.ica.se/stores/1004181/products/kefir-hallon-granat%C3%A4pple-laktosfri-1-5-1000g-salakis/2169159
Torrjäst Matbröd 14g 2st Kronjäst,"10,90 kr","0.028kg 389,29 kr/kg",,,,,,,,,,,,,,,,,,,,,,,,,,,,,,,,,,,,,https://handlaprivatkund.ica.se/stores/1004181/products/torrj%C3%A4st-matbr%C3%B6d-14g-2st-kronj%C3%A4st/1510830
Äppelmust med fruktkött Årets skörd 1l Miljömärkt Kiviks,"39,90 kr","1L 39,90 kr/l",50 kcal,200 kJ,0.1 g,0 g,10.8 g,10.2 g,0.1 g,0 g,,,,,,,1 g,,,,,,,,,,,,,,,,,,,,,,https://handlaprivatkund.ica.se/stores/1004181/products/%C3%A4ppelmust-med-fruktk%C3%B6tt-%C3%A5rets-sk%C3%B6rd-1l-milj%C3%B6m%C3%A4rkt-kiviks/1355017
Matlagningsgrädde soja 1l Alpro,"58,00 kr","1L 58,00 kr/l",142 kcal,587 kJ,14 g,1.6 g,1.2 g,1.2 g,2 g,0.14 g,,,,8.7 g,3.7 g,,0.6 g,,,,,,,,,,,,,,,,,,,,,,https://handlaprivatkund.ica.se/stores/1004181/products/matlagningsgr%C3%A4dde-soja-1l-alpro/1527599
Kvarg Mango Laktosfri 7% 200g Valio,"20,90 kr","0.2kg 104,50 kr/kg",157 kcal,660 kJ,7 g,4.1 g,16 g,16 g,7.2 g,0.08 g,,,,,,,,,,,,,,,,,,,,,,,,,,,,,https://handlaprivatkund.ica.se/stores/1004181/products/kvarg-mango-laktosfri-7-200g-valio/2135051
"Filbunke Naturell 2,5% 200g Valio","9,90 kr","0.2kg 49,50 kr/kg",55 kcal,230 kJ,2.5 g,1.8 g,4.8 g,4.8 g,3 g,0.1 g,0.4 µg,,110 mg,,,,,,0.13 mg,,,,,,,,,,,,,,,,,,,,https://handlaprivatkund.ica.se/stores/1004181/products/filbunke-naturell-2-5-200g-valio/1023778
Crème fraiche Lätt 13% 5dl ICA,"38,90 kr","0.5L 77,80 kr/l",150 kcal,600 kJ,13 g,8.3 g,5.1 g,3.2 g,2.9 g,0.1 g,,,,0.4 g,3.7 g,140 µg,0 g,,,,,,,,,,,,,,,,,,,,,,https://handlaprivatkund.ica.se/stores/1004181/products/cr%C3%A8me-fraiche-l%C3%A4tt-13-5dl-ica/1528076
Veganost Skivad Mature Cheddar 200g Violife,"43,90 kr","0.2kg 219,50 kr/kg",297 kcal,1232 kJ,23 g,20 g,22 g,0 g,0.1 g,2.3 g,2.5 µg,,,,,,,,,,,,,,,,,,,,,,,,,,,,https://handlaprivatkund.ica.se/stores/1004181/products/veganost-skivad-mature-cheddar-200g-violife/2118749
Juice Tropisk 2l Bravo,"53,00 kr","2L 26,50 kr/l",45 kcal,180 kJ,0 g,0 g,9 g,9 g,0 g,0 g,,,,,,,0.3 g,,,,,,,,,,,,,,,,,,,,,,https://handlaprivatkund.ica.se/stores/1004181/products/juice-tropisk-2l-bravo/1365725
Präst 31% mellan ca 750g ICA,Ca,"Ca 0.75kg 143,00 kr/kg",380 kcal,1600 kJ,31 g,20 g,0 g,0 g,26 g,1.2 g,,,710 mg,,,,,,,,,,,,,,,,,,,,,,,,,,https://handlaprivatkund.ica.se/stores/1004181/products/pr%C3%A4st-31-mellan-ca-750g-ica/1499883
Lemonad Drakfrukt 850ml Brämhults,"51,00 kr","0.85L 60,00 kr/l exkl pant",43 kcal,182 kJ,0 g,0 g,9.9 g,9.6 g,0 g,0 g,,,,,,,,,,,,,,,,,,,,,,,,,,,,,https://handlaprivatkund.ica.se/stores/1004181/products/lemonad-drakfrukt-850ml-br%C3%A4mhults/2107370
Präst® lagrad 12 m ca 710 g Falbygdens,Ca,"Ca 0.71kg 235,00 kr/kg",389 kcal,1614 kJ,31 g,20 g,0 g,0 g,26 g,1.2 g,,,,,,,,,,,,,,,,,,,,,,,,,,,,,https://handlaprivatkund.ica.se/stores/1004181/products/pr%C3%A4st-lagrad-12-m-ca-710-g-falbygdens/2128330
"Yoghurt Banan 0,1% 1000g Valio","27,90 kr","1kg 27,90 kr/kg",66 kcal,280 kJ,0.1 g,0 g,12 g,12 g,3.7 g,0.1 g,,,,,,,,,,,,,,,,,,,,,,,,,,,,,https://handlaprivatkund.ica.se/stores/1004181/products/yoghurt-banan-0-1-1000g-valio/1343771
Grillost 150g ICA Basic,"25,90 kr","0.15kg 172,67 kr/kg",290 kcal,1200 kJ,23 g,14 g,1.5 g,1.5 g,20 g,2.5 g,,,,,,,,,,,,,,,,,,,,,,,,,,,,,https://handlaprivatkund.ica.se/stores/1004181/products/grillost-150g-ica-basic/2111360
Västerbottensost® riven 32% 150g,"59,00 kr","0.15kg 393,33 kr/kg",390 kcal,1650 kJ,32 g,20 g,2.6 g,0 g,23 g,1.2 g,,,660 mg,,,,,,,,,,,,,,,,,,,,,,,,,,https://handlaprivatkund.ica.se/stores/1004181/products/v%C3%A4sterbottensost-riven-32-150g/1383516
Äpplejuice 1l Bravo,"32,90 kr","1L 32,90 kr/l",45 kcal,180 kJ,0 g,0 g,9.5 g,9.5 g,0 g,0 g,,,,,,,0.2 g,,,,,,,,,,,,,,,,,,,,,,https://handlaprivatkund.ica.se/stores/1004181/products/%C3%A4pplejuice-1l-bravo/1437720
Flytande Vita Nordisk 1000g Kronägg,"49,90 kr","1kg 49,90 kr/kg",48 kcal,199 kJ,0 g,0 g,1.9 g,0.9 g,9.7 g,1.1 g,,,,,,,,,,,,,,,,,,,,,,,,,,,,,https://handlaprivatkund.ica.se/stores/1004181/products/flytande-vita-nordisk-1000g-kron%C3%A4gg/2085821
Mellanmål Skogsbär 175g Risifrutti,"16,90 kr","0.175kg 96,57 kr/kg",111 kcal,465 kJ,3.3 g,2.1 g,17 g,10 g,3.1 g,0.16 g,,,,,,,,,,,,,,,,,,,,,,,,,,,,,https://handlaprivatkund.ica.se/stores/1004181/products/mellanm%C3%A5l-skogsb%C3%A4r-175g-risifrutti/1128020
Ägg Frigående M 15-p ICA,"59,00 kr","15 per frp 3,93 kr/st",140 kcal,600 kJ,10 g,2.5 g,0.5 g,0 g,12.5 g,0.36 g,,,,,,,,,,,,,,,,,,,,,,,,,,,,,https://handlaprivatkund.ica.se/stores/1004181/products/%C3%A4gg-frig%C3%A5ende-m-15-p-ica/1203222
Juice Blodgrape 1l God Morgon®,"42,90 kr","1L 42,90 kr/l",41 kcal,172 kJ,0.5 g,0 g,8 g,8 g,0.6 g,0 g,,,,,,,,20 mg,,,,,,,,,,,,,,,,,,,,,https://handlaprivatkund.ica.se/stores/1004181/products/juice-blodgrape-1l-god-morgon/1201756
Proteindryck Chocolate Recovery 250ml Gainomax,"28,90 kr","0.25L 115,60 kr/l",97 kcal,411 kJ,0.5 g,0.2 g,15 g,8.3 g,8 g,0.21 g,,,,,,,,,,,,,,,,,,,,,,,,,,,,,https://handlaprivatkund.ica.se/stores/1004181/products/proteindryck-chocolate-recovery-250ml-gainomax/2149788
Dessert Choco Stracciatella 190g Grand Dessert,"11,90 kr","0.19kg 62,63 kr/kg",127 kcal,533 kJ,4.9 g,3.2 g,18 g,15 g,2.7 g,0.1 g,,,,,,,,,,,,,,,,,,,,,,,,,,,,,https://handlaprivatkund.ica.se/stores/1004181/products/dessert-choco-stracciatella-190g-grand-dessert/2057853
Smör Laktosfri 80% 500g Valio,"96,00 kr","0.5kg 192,00 kr/kg",713 kcal,2984 kJ,80 g,45 g,0.8 g,0.8 g,0.6 g,0.8 g,,,,,,600 µg,,,,,,,,,,,,,,,,,,,,,,,https://handlaprivatkund.ica.se/stores/1004181/products/sm%C3%B6r-laktosfri-80-500g-valio/1399780
Sojadryck Naturell 1l ICA I love eco,"25,90 kr","1L 25,90 kr/l",42 kcal,173 kJ,2.3 g,0.3 g,0.9 g,0.8 g,4 g,0.03 g,,,,1.4 g,0.5 g,,0.6 g,,,,,,,,,,,,,,,,,,,,,,https://handlaprivatkund.ica.se/stores/1004181/products/sojadryck-naturell-1l-ica-i-love-eco/1499002
Smör & Raps Normalsaltat Ekologisk 70% 500g Bregott®,"85,00 kr","0.5kg 170,00 kr/kg",633 kcal,2601 kJ,70 g,30 g,0.4 g,0.4 g,0.3 g,1.2 g,,20 µg,,8.5 g,26 g,950 µg,,,,,,,,,,,,,,,,,,,,,,,https://handlaprivatkund.ica.se/stores/1004181/products/sm%C3%B6r-raps-normalsaltat-ekologisk-70-500g-bregott/2129113
Grana Padano Grovriven 85g Zeta,"51,00 kr","0.085kg 600,00 kr/kg",398 kcal,1654 kJ,29 g,18 g,0 g,0 g,33 g,1.5 g,,,,,,,,,,,,,,,,,,,,,,,,,,,,,https://handlaprivatkund.ica.se/stores/1004181/products/grana-padano-grovriven-85g-zeta/2080597
Ägg S 24-p ICA Basic,"65,00 kr","24 per frp 2,71 kr/st",140 kcal,600 kJ,9.7 g,2.6 g,0.5 g,0.5 g,12 g,0.4 g,,,,,,,,,,,,,,,,,,,,,,,,,,,,,https://handlaprivatkund.ica.se/stores/1004181/products/%C3%A4gg-s-24-p-ica-basic/1455326
Apelsinjuice Nypressad 300ml Brämhults,"35,90 kr","0.3L 119,67 kr/l exkl pant",43 kcal,182 kJ,0 g,0 g,9 g,9 g,0.7 g,0 g,,,,,,,0.7 g,45 mg,,,,,,,,,,,,,,,,,,,,,https://handlaprivatkund.ica.se/stores/1004181/products/apelsinjuice-nypressad-300ml-br%C3%A4mhults/2063055
Vispgrädde 36% 5dl Arla Köket®,"48,90 kr","0.5L 97,80 kr/l",340 kcal,1400 kJ,36 g,23 g,2.9 g,2.9 g,2.3 g,0.1 g,0.39 µg,,,,,330 µg,,,,,,,,,,,,,,,,,,,,,,,https://handlaprivatkund.ica.se/stores/1004181/products/vispgr%C3%A4dde-36-5dl-arla-k%C3%B6ket/1315805
Mandeldryck Naturell 1l ICA I love eco,"31,90 kr","1L 31,90 kr/l",,,,,,,,,,,,,,,,,,,,,,,,,,,,,,,,,,,,,https://handlaprivatkund.ica.se/stores/1004181/products/mandeldryck-naturell-1l-ica-i-love-eco/1527962
"Juice Tropisk 1,75l God Morgon®","53,00 kr","1.75L 30,29 kr/l",45 kcal,190 kJ,0.5 g,0 g,10 g,9.7 g,0.3 g,0.01 g,,,,,,,0.5 g,,,,,,,,,,,,,,,,,,,,,,https://handlaprivatkund.ica.se/stores/1004181/products/juice-tropisk-1-75l-god-morgon/2052869
Juice Apple Pink Lady 900ml Tropicana,"46,90 kr","0.9L 52,11 kr/l exkl pant",47 kcal,198 kJ,0 g,0 g,11 g,11 g,0.2 g,0 g,,,,,,,0.6 g,,,,,,,,,,,,,,,,,,,,,,https://handlaprivatkund.ica.se/stores/1004181/products/juice-apple-pink-lady-900ml-tropicana/2166503
Hamburgerost med chilismak 200g ICA,"36,90 kr","0.2kg 184,50 kr/kg",251 kcal,1045 kJ,19 g,13 g,4.1 g,4.1 g,16 g,1.2 g,,,,,,,,,,,,,,,,,,,,,,,,,,,,,https://handlaprivatkund.ica.se/stores/1004181/products/hamburgerost-med-chilismak-200g-ica/2156606
