Name,Price,Size,Energi (kcal),Fett,Varav mättat fett,Kolhydrat,Varav sockerarter,Fiber,Protein,Salt,Vitamin B12,Järn,Energi (kJ),Vitamin D,Riboflavin,Kalcium,Jod,Folsyra,Varav enkelomättat fett,Varav polyoler,Natrium,Varav fleromättat fett,Vitamin A,Magnesium,Zink,Vitamin E,Vitamin B6,url
Chickensticks crispy vegansk 200g Vivera,"43,90 kr","0.2kg 219,50 kr/kg",199 kcal,7.7 g,0.9 g,15 g,0.9 g,4 g,15 g,1.3 g,0.38 µg,2.1 mg,,,,,,,,,,,,,,,,https://handlaprivatkund.ica.se/stores/1004181/products/chickensticks-crispy-vegansk-200g-vivera/2093509
"Havregurt Hallon 1,3% 1000g Oddlygood®","38,90 kr","1kg 38,90 kr/kg",78 kcal,1.3 g,0.2 g,15 g,8 g,,1.3 g,0.07 g,0.4 µg,,330 kJ,1 µg,0.21 mg,120 mg,22.5 µg,,,,,,,,,,,https://handlaprivatkund.ica.se/stores/1004181/products/havregurt-hallon-1-3-1000g-oddlygood/2142035
Havredryck Naturell KRAV 1l ICA I love eco,"20,90 kr","1L 20,90 kr/l",40 kcal,0.5 g,0.5 g,6.7 g,4.1 g,0.8 g,1 g,0.1 g,,,150 kJ,1.1 µg,,,,,,,,,,,,,,https://handlaprivatkund.ica.se/stores/1004181/products/havredryck-naturell-krav-1l-ica-i-love-eco/2035619
Stek och bakmargarin 500g Carlshamn,"32,90 kr","0.5kg 65,80 kr/kg",,,,,,,,,,,,,,,,,,,,,,,,,,https://handlaprivatkund.ica.se/stores/1004181/products/stek-och-bakmargarin-500g-carlshamn/1479669
Vego Pytt 700g Findus,"70,00 kr","0.7kg 100,00 kr/kg",136 kcal,5.2 g,0.5 g,16 g,1.4 g,2.5 g,5.1 g,0.64 g,,,571 kJ,,,,,,,,,,,,,,,https://handlaprivatkund.ica.se/stores/1004181/products/vego-pytt-700g-findus/2108488
Havredryck Barista 2% 1l ICA Basic,"18,90 kr","1L 18,90 kr/l",54 kcal,2 g,0.2 g,7.6 g,2.5 g,,0.8 g,0.1 g,0.38 µg,,225 kJ,1 µg,0.21 µg,120 mg,,,,,,,,,,,,https://handlaprivatkund.ica.se/stores/1004181/products/havredryck-barista-2-1l-ica-basic/2157296
Havregrädde iMat 13% 1l Oatly,"39,90 kr","1L 39,90 kr/l",150 kcal,13 g,1.6 g,5.8 g,3.6 g,0.8 g,0.9 g,0.11 g,,,600 kJ,,,,,,,,,,,,,,,https://handlaprivatkund.ica.se/stores/1004181/products/havregr%C3%A4dde-imat-13-1l-oatly/1471192
Burgare Delifresh Plant Beef 4-p 90g Max,"64,00 kr","0.36kg 177,78 kr/kg",291 kcal,23 g,13 g,5 g,1.7 g,2.3 g,16 g,1.2 g,,,1217 kJ,,,,,,,,,,,,,,,https://handlaprivatkund.ica.se/stores/1004181/products/burgare-delifresh-plant-beef-4-p-90g-max/2054904
Filidutter 65g Konfekta,"13,90 kr","0.065kg 213,85 kr/kg",390 kcal,0 g,0 g,93.9 g,73.8 g,,0 g,0 g,,,1620 kJ,,,,,,,,,,,,,,,https://handlaprivatkund.ica.se/stores/1004181/products/filidutter-65g-konfekta/2011531
"Havredryck Naturell 2,8% 1l Oatly","26,90 kr","1L 26,90 kr/l",60 kcal,2.8 g,0.3 g,7.1 g,3.4 g,0.8 g,1.1 g,0.1 g,0.38 µg,,249 kJ,1.1 µg,0.21 mg,120 mg,22.5 µg,,,,,,,,,,,https://handlaprivatkund.ica.se/stores/1004181/products/havredryck-naturell-2-8-1l-oatly/2023911
Mandeldryck Natur 1l ICA,"25,90 kr","1L 25,90 kr/l",14 kcal,1.2 g,0.1 g,0.5 g,0.5 g,0.5 g,0.5 g,0.12 g,0.38 µg,,56 kJ,0.75 µg,0.21 mg,120 mg,,,,,,,,,,,,https://handlaprivatkund.ica.se/stores/1004181/products/mandeldryck-natur-1l-ica/1510388
Sojadryck Naturell 1l ICA,"22,90 kr","1L 22,90 kr/l",40 kcal,1.9 g,0.3 g,2.8 g,2.7 g,0.5 g,3.2 g,0.1 g,0.38 µg,,180 kJ,0.75 µg,0.21 mg,120 mg,,,,,,,,,,,,https://handlaprivatkund.ica.se/stores/1004181/products/sojadryck-naturell-1l-ica/2001383
"Havregrädde iMat 13% 2,5dl Oatly","15,90 kr","0.25L 63,60 kr/l",150 kcal,13 g,1.6 g,5.8 g,3.6 g,0.8 g,0.9 g,0.11 g,,,600 kJ,,,,,,,,,,,,,,,https://handlaprivatkund.ica.se/stores/1004181/products/havregr%C3%A4dde-imat-13-2-5dl-oatly/1268816
Vegobacon 80g ICA,"26,90 kr","0.08kg 336,25 kr/kg",236 kcal,18 g,3.9 g,11 g,3 g,4.4 g,5 g,2.7 g,,,979 kJ,,,,,,,,,,,,,,,https://handlaprivatkund.ica.se/stores/1004181/products/vegobacon-80g-ica/2129569
Vegetariska Filéer Fryst 312g Quorn,"47,90 kr","0.312kg 153,53 kr/kg",,,,,,,,,,,,,,,,,,,,,,,,,,https://handlaprivatkund.ica.se/stores/1004181/products/vegetariska-fil%C3%A9er-fryst-312g-quorn/1344992
Risdryck Naturell 1l ICA,"27,90 kr","1L 27,90 kr/l",,,,,,,,,,,,,,,,,,,,,,,,,,https://handlaprivatkund.ica.se/stores/1004181/products/risdryck-naturell-1l-ica/1510384
Godispåse Filidutter Hallon 65g Konfekta,"13,90 kr","0.065kg 213,85 kr/kg",390 kcal,0 g,0 g,93.6 g,73.6 g,,0 g,0 g,,,1620 kJ,,,,,,,,,,,,,,,https://handlaprivatkund.ica.se/stores/1004181/products/godisp%C3%A5se-filidutter-hallon-65g-konfekta/2018446
Aioli vegansk 200g ICA,"25,90 kr","0.2kg 129,50 kr/kg",548 kcal,60 g,4.2 g,1.8 g,0.5 g,,0.5 g,1 g,,,2256 kJ,,,,,,,,,,,,,,,https://handlaprivatkund.ica.se/stores/1004181/products/aioli-vegansk-200g-ica/2129526
"Havredryck Naturell 1,5% Ekologisk 1l Oatly","26,90 kr","1L 26,90 kr/l",48 kcal,1.5 g,0.2 g,7.2 g,3.5 g,0.8 g,1.1 g,0.1 g,,,203 kJ,1.1 µg,,,,,,,,,,,,,,https://handlaprivatkund.ica.se/stores/1004181/products/havredryck-naturell-1-5-ekologisk-1l-oatly/2023908
Vegetariska bitar Fryst 300g Quorn,"47,90 kr","0.3kg 159,67 kr/kg",97 kcal,1.6 g,0.3 g,4.2 g,0.3 g,5 g,14 g,0.64 g,,,405 kJ,,,,,,,,,,,,,,,https://handlaprivatkund.ica.se/stores/1004181/products/vegetariska-bitar-fryst-300g-quorn/1003593
Havregurt Vanilj 2% 1l Oatly,"42,90 kr","1kg 42,90 kr/kg",86 kcal,2.1 g,0.2 g,15.1 g,8.3 g,0.9 g,1.1 g,0.06 g,0.38 µg,,360 kJ,1.1 µg,0.21 mg,146 mg,22.5 µg,,,,,,,,,,,https://handlaprivatkund.ica.se/stores/1004181/products/havregurt-vanilj-2-1l-oatly/2004528
Schnitzel med Emmentalerost Fryst 220g Quorn,"55,00 kr","0.22kg 250,00 kr/kg",237 kcal,12 g,3.3 g,18 g,0.5 g,4.2 g,13 g,1.2 g,,,989 kJ,,,,,,,,,,,,,,,https://handlaprivatkund.ica.se/stores/1004181/products/schnitzel-med-emmentalerost-fryst-220g-quorn/1446067
Chörizo hot vegansk 300g Astrid & Aporna,"54,00 kr","0.3kg 180,00 kr/kg",243.2 kcal,14.4 g,1.1 g,6 g,2.7 g,2.5 g,21.1 g,1.9 g,,,1014.5 kJ,,,,,,,,,,,,,,,https://handlaprivatkund.ica.se/stores/1004181/products/ch%C3%B6rizo-hot-vegansk-300g-astrid-aporna/2109130
Färs Formbar Vegansk Fryst 850g Anamma,"114,00 kr","0.85kg 134,12 kr/kg",162 kcal,9.2 g,0.7 g,1.6 g,0.7 g,6.2 g,15 g,0.7 g,,,679 kJ,,,,,,,,,,,,,,,https://handlaprivatkund.ica.se/stores/1004181/products/f%C3%A4rs-formbar-vegansk-fryst-850g-anamma/2011316
"Havregurt Mango 1,4% 1000g Oddlygood®","40,90 kr","1kg 40,90 kr/kg",80 kcal,1.4 g,0.2 g,15 g,8.5 g,,1.3 g,0.07 g,0.4 µg,,337 kJ,1 µg,0.21 mg,120 mg,22.5 µg,,,,,,,,,,,https://handlaprivatkund.ica.se/stores/1004181/products/havregurt-mango-1-4-1000g-oddlygood/2142036
"Havredryck Naturell 1,5% 1l Oatly","26,90 kr","1L 26,90 kr/l",48 kcal,1.5 g,0.2 g,7.1 g,3.4 g,0.8 g,1.1 g,0.1 g,0.38 µg,,201 kJ,1.1 µg,0.21 mg,120 mg,22.5 µg,,,,,,,,,,,https://handlaprivatkund.ica.se/stores/1004181/products/havredryck-naturell-1-5-1l-oatly/2023907
"Havredryck Naturell 2,8% 1l Oatly","22,90 kr","1L 22,90 kr/l",59 kcal,2.8 g,0.3 g,7 g,3.4 g,0.8 g,1.1 g,0.1 g,0.38 µg,,248 kJ,1.1 µg,0.21 mg,120 mg,22.5 µg,,,,,,,,,,,https://handlaprivatkund.ica.se/stores/1004181/products/havredryck-naturell-2-8-1l-oatly/2107756
Veganburgare 200g Peas of Heaven,"40,90 kr","0.2kg 204,50 kr/kg",230 kcal,16.3 g,5.4 g,4.6 g,1.3 g,3.8 g,14.6 g,2.1 g,1.6 µg,,960 kJ,,0.25 mg,,,,,,,,,,,,,https://handlaprivatkund.ica.se/stores/1004181/products/veganburgare-200g-peas-of-heaven/2109018
Iskaffe Havre Latte Original 235ml Oatly,"26,90 kr","0.235L 114,47 kr/l",62 kcal,2 g,0.2 g,9.5 g,6.2 g,0.9 g,1.1 g,0.17 g,,,260 kJ,,,,,,,,,,,,,,,https://handlaprivatkund.ica.se/stores/1004181/products/iskaffe-havre-latte-original-235ml-oatly/2151424
Havredryck Choco 1000ml Fazer Aito,"26,90 kr","1L 26,90 kr/l",59 kcal,2.1 g,0.3 g,7.5 g,5.5 g,,2.2 g,0.21 g,0.38 µg,,248 kJ,1 µg,0.21 mg,120 mg,,,,,,,,,,,,https://handlaprivatkund.ica.se/stores/1004181/products/havredryck-choco-1000ml-fazer-aito/2142019
Babybel Plantbased 100g Mini Babybel,"35,90 kr","0.1kg 359,00 kr/kg",248 kcal,18 g,16 g,21 g,0.5 g,,0.5 g,1.9 g,1.5 µg,,1032 kJ,,,680 mg,,,,,,,,,,,,https://handlaprivatkund.ica.se/stores/1004181/products/babybel-plantbased-100g-mini-babybel/2140307
Vegetarisk färs Fryst 300g Quorn,"47,90 kr","0.3kg 159,67 kr/kg",92 kcal,1.7 g,0.5 g,2.3 g,0.1 g,7.5 g,13 g,0.14 g,,,384 kJ,,,,,,,,,,,,,,,https://handlaprivatkund.ica.se/stores/1004181/products/vegetarisk-f%C3%A4rs-fryst-300g-quorn/1003594
Veganskivor Pepperoni 100g Quorn,"36,90 kr","0.1kg 369,00 kr/kg",236 kcal,17 g,7.1 g,4.2 g,0.7 g,9.3 g,11 g,1.8 g,,,976 kJ,,,,,,,,,,,,,,,https://handlaprivatkund.ica.se/stores/1004181/products/veganskivor-pepperoni-100g-quorn/2140559
Glass Heavenly Chocolate Mjölk och laktosfri Vegansk 750ml Choice,"42,90 kr","0.75L 57,20 kr/l",169 kcal,6.1 g,5.1 g,27 g,16 g,,1.6 g,0.29 g,,,711 kJ,,,,,,,,,,,,,,,https://handlaprivatkund.ica.se/stores/1004181/products/glass-heavenly-chocolate-mj%C3%B6lk-och-laktosfri-vegansk-750ml-choice/2077398
Falafel Fryst 450g Findus,"56,00 kr","0.45kg 124,44 kr/kg",228 kcal,12 g,0.8 g,21 g,1.8 g,4.1 g,6.9 g,1.2 g,,,951 kJ,,,,,,,,,,,,,,,https://handlaprivatkund.ica.se/stores/1004181/products/falafel-fryst-450g-findus/1347259
"Havredryck Naturell 1,5% 1l ICA","25,90 kr","1L 25,90 kr/l",48 kcal,1.5 g,0.2 g,7.1 g,3.4 g,0.8 g,1.1 g,0.1 g,0.38 µg,,201 kJ,1.1 µg,0.21 mg,120 mg,23 µg,,,,,,,,,,,https://handlaprivatkund.ica.se/stores/1004181/products/havredryck-naturell-1-5-1l-ica/2038416
Sandwiches 8-p vegansk 320g Valsoia,"61,00 kr","8 per frp 7,63 kr/st",286 kcal,7.6 g,5.2 g,49 g,21 g,1.4 g,4.7 g,0.48 g,,,1205 kJ,1.5 µg,,120 mg,,,,,,,,,,,,https://handlaprivatkund.ica.se/stores/1004181/products/sandwiches-8-p-vegansk-320g-valsoia/2094494
Timjan & Vitlök chunk 280g Oumph,"55,00 kr","0.28kg 196,43 kr/kg",117 kcal,3.1 g,0.3 g,1.6 g,0.9 g,5.5 g,18 g,1.5 g,,4.3 mg,490 kJ,,,,,30.4 µg,,,,,,,,,,https://handlaprivatkund.ica.se/stores/1004181/products/timjan-vitl%C3%B6k-chunk-280g-oumph/2094011
"Kokosdryck osötad 1,2% 1l Alpro","32,90 kr","1L 32,90 kr/l",14 kcal,1.2 g,1.1 g,0 g,0 g,0 g,0.1 g,0.07 g,0.38 µg,,56 kJ,0.75 µg,,120 mg,,,,,,,,,,,,https://handlaprivatkund.ica.se/stores/1004181/products/kokosdryck-os%C3%B6tad-1-2-1l-alpro/2038826
Havredryck Barista Nutty Vanilla osockrad Glutenfri 3% 1000ml Oddlygood®,"31,90 kr","1L 31,90 kr/l",57 kcal,3 g,0.3 g,6.3 g,3.5 g,,1.1 g,0.08 g,0.4 µg,,237 kJ,1 µg,0.21 mg,120 mg,22.5 µg,,,,,,,,,,,https://handlaprivatkund.ica.se/stores/1004181/products/havredryck-barista-nutty-vanilla-osockrad-glutenfri-3-1000ml-oddlygood/2169070
Havredryck Barista Salt Karamell 3% 1000ml Oddlygood®,"31,90 kr","1L 31,90 kr/l",,,,,,,,,,,,,,,,,,,,,,,,,,https://handlaprivatkund.ica.se/stores/1004181/products/havredryck-barista-salt-karamell-3-1000ml-oddlygood/2107515
Kebab 280g Oumph,"55,00 kr","0.28kg 196,43 kr/kg",138 kcal,5 g,0.5 g,2.1 g,1.8 g,7.1 g,17 g,1.5 g,,,577 kJ,,,,,,,,,,,,,,,https://handlaprivatkund.ica.se/stores/1004181/products/kebab-280g-oumph/2094013
Iskaffe Macchiato Sojabaserad 1l Alpro,"37,90 kr","1L 37,90 kr/l",61 kcal,1.7 g,0.3 g,8.2 g,6.2 g,0.5 g,3 g,0.14 g,0.38 µg,,257 kJ,0.75 µg,0.21 mg,120 mg,,,,,,,,,,,,https://handlaprivatkund.ica.se/stores/1004181/products/iskaffe-macchiato-sojabaserad-1l-alpro/2112741
Lasagne Green Dream 390g Dafgård,"48,90 kr","0.39kg 125,38 kr/kg",164 kcal,7.5 g,3.9 g,19 g,3.4 g,1.1 g,5.1 g,0.85 g,,,687 kJ,,,,,,,,,,,,,,,https://handlaprivatkund.ica.se/stores/1004181/products/lasagne-green-dream-390g-dafg%C3%A5rd/2143255
Havredryck Barista Hasselnöt Glutenfri 3% 1000ml Oddlygood®,"31,90 kr","1L 31,90 kr/l",62 kcal,3 g,0.3 g,7.6 g,4.5 g,,1.1 g,0.08 g,0.4 µg,,259 kJ,1 µg,0.21 mg,120 mg,22.5 µg,,,,,,,,,,,https://handlaprivatkund.ica.se/stores/1004181/products/havredryck-barista-hasseln%C3%B6t-glutenfri-3-1000ml-oddlygood/2169097
"Sojadryck Original Kalcium 1,8% 1l Alpro","28,90 kr","1L 28,90 kr/l",39 kcal,1.8 g,0.3 g,2.5 g,2.5 g,0.5 g,3 g,0.09 g,0.38 µg,,163 kJ,0.75 µg,0.21 mg,120 mg,,,,,,,,,,,,https://handlaprivatkund.ica.se/stores/1004181/products/sojadryck-original-kalcium-1-8-1l-alpro/1465006
Mandeldryck Barista Vegansk 1l Alpro,"33,90 kr","1L 33,90 kr/l",24 kcal,1.2 g,0.1 g,2.6 g,2.5 g,0.3 g,0.5 g,0.08 g,,,99 kJ,,,120 mg,,,0.9 g,0.2 g,0.03 g,,,,,,,https://handlaprivatkund.ica.se/stores/1004181/products/mandeldryck-barista-vegansk-1l-alpro/2058607
Ärtdryck Osötad 1l Sproud,"26,90 kr","1L 26,90 kr/l",20 kcal,2 g,0.2 g,0 g,0 g,,1.5 g,0.15 g,0.38 µg,,100 kJ,1 µg,0.21 mg,0.12 g,,,,,,,,,,,,https://handlaprivatkund.ica.se/stores/1004181/products/%C3%A4rtdryck-os%C3%B6tad-1l-sproud/2070050
Crispy Mini Filet 285g Hälsans Kök,"61,00 kr","0.285kg 214,04 kr/kg",245 kcal,10.1 g,1 g,17.6 g,0.5 g,3.6 g,19.1 g,1.1 g,,,1028 kJ,,,,,,,,,,,,,,,https://handlaprivatkund.ica.se/stores/1004181/products/crispy-mini-filet-285g-h%C3%A4lsans-k%C3%B6k/2108524
Bordsmargarin Smörgås Mjölkfritt 400g ICA,"27,90 kr","0.4kg 69,75 kr/kg",630 kcal,70 g,20 g,0 g,0 g,,0 g,0.7 g,,,2590 kJ,20 µg,,,,,32 g,,,15 g,900 µg,,,,,https://handlaprivatkund.ica.se/stores/1004181/products/bordsmargarin-sm%C3%B6rg%C3%A5s-mj%C3%B6lkfritt-400g-ica/1505946
Visp Bondböna 23% 500ml ICA,"33,90 kr","0.5L 67,80 kr/l",250 kcal,23 g,22 g,10 g,5 g,,0.8 g,0.1 g,,,1046 kJ,,,,,,,,,,,,,,,https://handlaprivatkund.ica.se/stores/1004181/products/visp-bondb%C3%B6na-23-500ml-ica/2141191
Havregrädde iMat Ekologisk 13% 1l Oatly,"44,90 kr","1L 44,90 kr/l",148 kcal,13 g,1.1 g,6.2 g,3 g,0.9 g,0.9 g,0.11 g,,,611 kJ,,,,,,,,,,,,,,,https://handlaprivatkund.ica.se/stores/1004181/products/havregr%C3%A4dde-imat-ekologisk-13-1l-oatly/1487134
Havredryck iKaffe Light 1000ml Oatly,"24,90 kr","1L 24,90 kr/l",52 kcal,2.1 g,0.2 g,7 g,3.4 g,0.8 g,1.1 g,0.1 g,0.24 µg,,220 kJ,1.1 µg,0.21 mg,120 mg,22.5 µg,,,,,,,,,,,https://handlaprivatkund.ica.se/stores/1004181/products/havredryck-ikaffe-light-1000ml-oatly/2141919
Växtbaserade Krispiga Nuggets 400g Felix,"52,00 kr","0.4kg 130,00 kr/kg",261 kcal,11 g,0.8 g,35 g,5.8 g,2 g,5.8 g,1.3 g,,,1090 kJ,,,,,,,,,,,,,,,https://handlaprivatkund.ica.se/stores/1004181/products/v%C3%A4xtbaserade-krispiga-nuggets-400g-felix/2131021
Havredryck Barista Vanilj 3% 1000ml Oddlygood®,"31,90 kr","1L 31,90 kr/l",62 kcal,3 g,0.3 g,7.6 g,4.5 g,,1.1 g,0.08 g,0.4 µg,,259 kJ,1 µg,0.21 mg,120 mg,22.5 µg,,,,,,,,,,,https://handlaprivatkund.ica.se/stores/1004181/products/havredryck-barista-vanilj-3-1000ml-oddlygood/2107514
Veganska bullar 300g Hälsans kök,"53,00 kr","0.3kg 176,67 kr/kg",175 kcal,5 g,0.6 g,10 g,1 g,5 g,20 g,1.4 g,,,735 kJ,,,,,,,,,,,,,,,https://handlaprivatkund.ica.se/stores/1004181/products/veganska-bullar-300g-h%C3%A4lsans-k%C3%B6k/1498158
Vegetarisk örtpastej Ekologisk 200g Tartex,"55,00 kr","0.2kg 275,00 kr/kg",238 kcal,20 g,14 g,8.5 g,0.5 g,,4.4 g,1.5 g,,,987 kJ,,,,,,,,,,,,,,,https://handlaprivatkund.ica.se/stores/1004181/products/vegetarisk-%C3%B6rtpastej-ekologisk-200g-tartex/1345953
Havredryck 1l Oddlygood®,"19,90 kr","1L 19,90 kr/l",40 kcal,1 g,0.1 g,6.6 g,3.5 g,,1.2 g,0.12 g,0.4 µg,,170 kJ,1 µg,0.21 mg,120 mg,22.5 µg,,,,,,,,,,,https://handlaprivatkund.ica.se/stores/1004181/products/havredryck-1l-oddlygood/2142040
Matlagningsbas Havre Ekologisk Laktosfri 13% 250ml ICA I love eco,"15,90 kr","0.25L 63,60 kr/l",146 kcal,13 g,1.2 g,5.8 g,3.6 g,0.9 g,0.9 g,0.11 g,,,602 kJ,,,,,,,,,,,,,,,https://handlaprivatkund.ica.se/stores/1004181/products/matlagningsbas-havre-ekologisk-laktosfri-13-250ml-ica-i-love-eco/2065074
Havredryck iKaffe Popcorn 1000ml Oatly,"32,90 kr","1L 32,90 kr/l",70 kcal,3.2 g,0.3 g,8.8 g,5.1 g,0.8 g,1.1 g,0.19 g,0.24 µg,,293 kJ,0.5 µg,0.21 mg,120 mg,,,,,,,,,,,,https://handlaprivatkund.ica.se/stores/1004181/products/havredryck-ikaffe-popcorn-1000ml-oatly/2169081
Havredyck iKaffe Vanilla 1000ml Oatly,"32,90 kr","1L 32,90 kr/l",72 kcal,3.2 g,0.3 g,9.2 g,5.1 g,0.8 g,1.1 g,0.1 g,0.24 µg,,300 kJ,0.5 µg,0.21 mg,120 mg,,,,,,,,,,,,https://handlaprivatkund.ica.se/stores/1004181/products/havredyck-ikaffe-vanilla-1000ml-oatly/2151427
Barista For Professionals Kokosnöt 1l Alpro,"32,90 kr","1L 32,90 kr/l",33 kcal,1.4 g,0.7 g,3.3 g,3.3 g,0.2 g,1.5 g,0.1 g,,,139 kJ,,,120 mg,,,0.2 g,,,,,,,,,https://handlaprivatkund.ica.se/stores/1004181/products/barista-for-professionals-kokosn%C3%B6t-1l-alpro/2063452
Sojadryck High Protein Chokladsmak 1l Alpro,"30,90 kr","1L 30,90 kr/l",69 kcal,2.8 g,0.6 g,5.3 g,5 g,1.3 g,5 g,0.16 g,,,291 kJ,0.75 µg,0.21 mg,120 mg,,,0.6 g,,0.06 g,1.6 g,,,,,,https://handlaprivatkund.ica.se/stores/1004181/products/sojadryck-high-protein-chokladsmak-1l-alpro/2053257
Filet Pieces 700g Hälsans Kök,"115,00 kr","0.7kg 164,29 kr/kg",151 kcal,4.7 g,0.4 g,1.2 g,0.1 g,5.9 g,22.5 g,1.4 g,,,631 kJ,,,,,,,,,,,,,,,https://handlaprivatkund.ica.se/stores/1004181/products/filet-pieces-700g-h%C3%A4lsans-k%C3%B6k/2094075
Veganost Vegoumi 100g Vegoumi,"29,90 kr","0.1kg 299,00 kr/kg",204 kcal,11 g,7 g,24 g,1 g,1.4 g,1.4 g,2.3 g,2.5 µg,,854 kJ,,,,,,,,,,,,,,,https://handlaprivatkund.ica.se/stores/1004181/products/veganost-vegoumi-100g-vegoumi/2141887
Havredryck vanilj 1l ICA,"21,90 kr","1L 21,90 kr/l",52 kcal,1.5 g,0.5 g,8.2 g,4.4 g,0.8 g,1.1 g,0.1 g,0.38 µg,,220 kJ,1.1 µg,0.21 mg,120 mg,22.5 µg,,,,,,,,,,,https://handlaprivatkund.ica.se/stores/1004181/products/havredryck-vanilj-1l-ica/2035618
Havredryck Naturell 1l ICA,"19,90 kr","1L 19,90 kr/l",48 kcal,1.5 g,0.2 g,7.2 g,3.5 g,0.8 g,1.1 g,0.1 g,0.38 µg,,203 kJ,1.1 µg,0.21 mg,120 mg,22.5 µg,,,,,,,,,,,https://handlaprivatkund.ica.se/stores/1004181/products/havredryck-naturell-1l-ica/2035617
Vegokebab pannfärdig 275g Schysst käk,"62,00 kr","0.275kg 225,45 kr/kg",206 kcal,7 g,0.6 g,7 g,0.1 g,,27 g,1.5 g,,,861 kJ,,,,,,,,,,,,,,,https://handlaprivatkund.ica.se/stores/1004181/products/vegokebab-pannf%C3%A4rdig-275g-schysst-k%C3%A4k/2031687
"Plantgurt Protein Yellow Fruits 2,2% 200g Alpro","22,90 kr","0.2kg 114,50 kr/kg",82 kcal,2.2 g,0.4 g,7.2 g,7 g,1 g,7.5 g,0.18 g,0.38 µg,,344 kJ,0.75 µg,,120 mg,,,,,,,,,,,,https://handlaprivatkund.ica.se/stores/1004181/products/plantgurt-protein-yellow-fruits-2-2-200g-alpro/2142016
Burgare 400g Farmers & Chefs,"74,00 kr","0.4kg 185,00 kr/kg",185 kcal,9.4 g,0.8 g,14 g,1.6 g,6.2 g,8.4 g,1.2 g,,,774 kJ,,,,,,,,,,,,,,,https://handlaprivatkund.ica.se/stores/1004181/products/burgare-400g-farmers-chefs/2154359
Veganskivor Rökt smak 100g Quorn,"36,90 kr","0.1kg 369,00 kr/kg",101 kcal,2.5 g,0.6 g,1.7 g,0.3 g,8.5 g,13 g,1.7 g,,,420 kJ,,,,,,,,,,,,,,,https://handlaprivatkund.ica.se/stores/1004181/products/veganskivor-r%C3%B6kt-smak-100g-quorn/2140558
Solmon vegansk 100g Ocean Kiss,"72,00 kr","0.1kg 720,00 kr/kg",136 kcal,6.3 g,0.6 g,12.7 g,5.4 g,6.2 g,5.4 g,1.3 g,,,570 kJ,,,,,,,,,,,,,,,https://handlaprivatkund.ica.se/stores/1004181/products/solmon-vegansk-100g-ocean-kiss/2130423
Cool Hallon Skalle 175g Bubs Godis,"24,90 kr","0.175kg 142,29 kr/kg",351 kcal,0 g,0 g,87 g,61 g,,0.4 g,0.1 g,,,1468 kJ,,,,,,,,,,,,,,,https://handlaprivatkund.ica.se/stores/1004181/products/cool-hallon-skalle-175g-bubs-godis/1508869
Godis Jordgubb Cola Sockerfri 70g Wellibites,"36,90 kr","0.07kg 527,14 kr/kg",243 kcal,0 g,0 g,90 g,0 g,,0.3 g,0.11 g,,,1012 kJ,,,,,,0 g,61 g,,0 g,,79 mg,,,,https://handlaprivatkund.ica.se/stores/1004181/products/godis-jordgubb-cola-sockerfri-70g-wellibites/2075346
iMat Visp 23% 250ml Oatly,"22,90 kr","0.25L 91,60 kr/l",253 kcal,23 g,22 g,11 g,2.3 g,0.5 g,0.5 g,0.21 g,,,1045 kJ,,,,,,,,,,,,,,,https://handlaprivatkund.ica.se/stores/1004181/products/imat-visp-23-250ml-oatly/2063023
Tutti Frutti Passion 180g Fazer,"25,90 kr","0.18kg 143,89 kr/kg",358 kcal,0.5 g,0 g,89 g,60 g,,0.5 g,0.34 g,,,1507 kJ,,,,,,,,,,,,,,,https://handlaprivatkund.ica.se/stores/1004181/products/tutti-frutti-passion-180g-fazer/1477745
Chorizo 240g Farmers & Chefs,"53,00 kr","0.24kg 220,83 kr/kg",216 kcal,14 g,1 g,14 g,2.3 g,7.3 g,4.8 g,2.3 g,,,904 kJ,,,,,,,,,,,,,,,https://handlaprivatkund.ica.se/stores/1004181/products/chorizo-240g-farmers-chefs/2154358
Cabanossy vegansk 210g Peas of Heaven,"44,90 kr","0.21kg 213,81 kr/kg",210 kcal,18 g,1.4 g,4.8 g,0.3 g,6.3 g,7.8 g,1.9 g,,,878 kJ,,,,,,,,,,,,,,,https://handlaprivatkund.ica.se/stores/1004181/products/cabanossy-vegansk-210g-peas-of-heaven/2085080
Tofuröra Skagen Vegansk 200g ICA,"35,90 kr","0.2kg 179,50 kr/kg",424 kcal,42 g,3.2 g,4.5 g,2.6 g,,7 g,1.6 g,,,1749 kJ,,,,,,,,,,,,,,,https://handlaprivatkund.ica.se/stores/1004181/products/tofur%C3%B6ra-skagen-vegansk-200g-ica/2055339
Gelégodis Fläder & hallon Vegansk 70g Wellibites,"36,90 kr","0.07kg 527,14 kr/kg",204 kcal,0 g,0 g,93 g,0 g,,0.3 g,0.1 g,,,852 kJ,,,,,,0 g,73 g,,0 g,,,2.5 mg,,,https://handlaprivatkund.ica.se/stores/1004181/products/gel%C3%A9godis-fl%C3%A4der-hallon-vegansk-70g-wellibites/2039397
Ärtdryck Vanilla 1l Sproud,"26,90 kr","1L 26,90 kr/l",40 kcal,2 g,0.2 g,3.7 g,3.7 g,,1.5 g,0.15 g,0.38 µg,,160 kJ,1 µg,0.21 mg,120 mg,,,,,,,,,,,,https://handlaprivatkund.ica.se/stores/1004181/products/%C3%A4rtdryck-vanilla-1l-sproud/2092305
Choklad Vegan Salt Karamell 90g Green Star,"59,00 kr","0.09kg 655,56 kr/kg",533 kcal,30 g,16 g,62 g,43 g,,2.8 g,0.37 g,,,2225 kJ,,,,,,,,,,,,,,,https://handlaprivatkund.ica.se/stores/1004181/products/choklad-vegan-salt-karamell-90g-green-star/2150862
"Havredryck ""No"" Sugars 1000ml Oatly","25,90 kr","1L 25,90 kr/l",44 kcal,1.5 g,0.2 g,6.3 g,0 g,0.7 g,1 g,0.12 g,0.24 µg,,185 kJ,1.1 µg,0.21 mg,120 mg,22.5 µg,,,,,,,,,,,https://handlaprivatkund.ica.se/stores/1004181/products/havredryck-no-sugars-1000ml-oatly/2119003
Veganost Mature Cheddar Flavour Mjölkfri 400g Violife,"61,00 kr","0.4kg 152,50 kr/kg",282 kcal,21 g,18 g,23 g,0 g,,0.2 g,2.2 g,2.5 µg,,1174 kJ,,,,,,,,,,,,,,,https://handlaprivatkund.ica.se/stores/1004181/products/veganost-mature-cheddar-flavour-mj%C3%B6lkfri-400g-violife/2033569
Matlagningsbas Havre 13% 500ml ICA,"21,90 kr","0.5L 43,80 kr/l",146 kcal,13 g,1.5 g,7 g,3.2 g,,0.7 g,0 g,,,612 kJ,,,,,,,,,,,,,,,https://handlaprivatkund.ica.se/stores/1004181/products/matlagningsbas-havre-13-500ml-ica/2139638
Falafel Vegansk Fryst 900g Anamma,"114,00 kr","0.9kg 126,67 kr/kg",305 kcal,18 g,1.3 g,25 g,1.3 g,5.3 g,9 g,1.1 g,,,1275 kJ,,,,,,,,,,,,,,,https://handlaprivatkund.ica.se/stores/1004181/products/falafel-vegansk-fryst-900g-anamma/2011359
Proteinsojadryck 1000ml Alpro,"30,90 kr","1L 30,90 kr/l",57 kcal,2.8 g,0.5 g,2.5 g,2.5 g,0.9 g,5 g,0.1 g,0.38 µg,,239 kJ,0.75 µg,0.21 mg,120 mg,,,,,,,,,,,,https://handlaprivatkund.ica.se/stores/1004181/products/proteinsojadryck-1000ml-alpro/2142147
"Havredryck Choklad 2,5% 1l Oatly","29,90 kr","1L 29,90 kr/l",71 kcal,2.5 g,0.3 g,10 g,6.5 g,1.2 g,1.4 g,0.12 g,0.38 µg,,296 kJ,1.1 µg,0.21 mg,120 mg,22.5 µg,,,,,,,,,,,https://handlaprivatkund.ica.se/stores/1004181/products/havredryck-choklad-2-5-1l-oatly/2044918
Havredryck iKaffe 3% 1l Oatly,"24,90 kr","1L 24,90 kr/l",61 kcal,3 g,0.3 g,7.1 g,3.4 g,0.8 g,1.1 g,0.1 g,0.38 µg,,257 kJ,1.1 µg,0.21 mg,120 mg,22.5 µg,,,,,,,,,,,https://handlaprivatkund.ica.se/stores/1004181/products/havredryck-ikaffe-3-1l-oatly/1487131
Tofu naturell 400g ICA Basic,"31,90 kr","0.4kg 79,75 kr/kg",113 kcal,5.9 g,1 g,0.8 g,0.5 g,,13 g,0.01 g,,,470 kJ,,,,,,,,,,,,,,,https://handlaprivatkund.ica.se/stores/1004181/products/tofu-naturell-400g-ica-basic/2091250
Vegoburgare Glutenfri Fryst 880g Anamma,"114,00 kr","0.88kg 129,55 kr/kg",162 kcal,10 g,0.8 g,2 g,0.4 g,5.4 g,14 g,0.88 g,,,680 kJ,,,,,,,,,,,,,,,https://handlaprivatkund.ica.se/stores/1004181/products/vegoburgare-glutenfri-fryst-880g-anamma/2011341
Kokosdryck Laktosfri 1l ICA,"26,90 kr","1L 26,90 kr/l",,,,,,,,,,,,,,,,,,,,,,,,,,https://handlaprivatkund.ica.se/stores/1004181/products/kokosdryck-laktosfri-1l-ica/1514316
iMat Fraiche Original 15% 200ml Oatly,"22,90 kr","0.2L 114,50 kr/l",186 kcal,15 g,5.9 g,9.5 g,3.3 g,0.9 g,2 g,0.01 g,,,773 kJ,,,120 mg,,,,,,,,,,,,https://handlaprivatkund.ica.se/stores/1004181/products/imat-fraiche-original-15-200ml-oatly/1471018
"Havredryck Vanilj 2,6% 1l Oatly","22,90 kr","1L 22,90 kr/l",68 kcal,2.6 g,0.3 g,9.6 g,5.9 g,0.8 g,1.1 g,0.11 g,0.38 µg,,285 kJ,1.1 µg,0.21 mg,120 mg,22.5 µg,,,,,,,,,,,https://handlaprivatkund.ica.se/stores/1004181/products/havredryck-vanilj-2-6-1l-oatly/2102124
Havredryck Choklad 1l ICA,"21,90 kr","1L 21,90 kr/l",55 kcal,1.5 g,0.5 g,8.5 g,4.7 g,1.1 g,1.2 g,0.1 g,0.38 µg,,229 kJ,1.1 µg,0.21 mg,120 mg,22.5 µg,,,,,,,,,,,https://handlaprivatkund.ica.se/stores/1004181/products/havredryck-choklad-1l-ica/2035616
Vegan Grillkorv 400g Peas of Heaven,"48,90 kr","0.4kg 122,25 kr/kg",180 kcal,14 g,4.4 g,3.4 g,0.6 g,,6.8 g,2 g,1.25 µg,,730 kJ,,0.23 mg,,,,,,,,,,,,,https://handlaprivatkund.ica.se/stores/1004181/products/vegan-grillkorv-400g-peas-of-heaven/2120488
Havredryck Iskaffe Vanilj Glutenfri 1000ml Oddlygood®,"32,90 kr","1L 32,90 kr/l",58 kcal,1.5 g,0.2 g,9.9 g,5.7 g,,1.3 g,0.13 g,0.4 µg,,246 kJ,1 µg,0.21 mg,120 mg,22.5 µg,,,,,,,,,,,https://handlaprivatkund.ica.se/stores/1004181/products/havredryck-iskaffe-vanilj-glutenfri-1000ml-oddlygood/2151540
Greek White Block 200g Violife,"43,90 kr","0.2kg 219,50 kr/kg u. spad",305 kcal,29 g,26 g,11 g,0 g,,0 g,1.7 g,2.5 µg,,1260 kJ,,,,,,,,,,,,,,,https://handlaprivatkund.ica.se/stores/1004181/products/greek-white-block-200g-violife/2033567
Tofu naturell Ekologisk 230g KRAV Yi Pin,"32,90 kr","0.23kg 143,04 kr/kg",127 kcal,6.6 g,1 g,2.2 g,0.5 g,,14.6 g,0.03 g,,2.4 mg,530 kJ,,,150 mg,,,1.2 g,,,4.2 g,,100 mg,,,,https://handlaprivatkund.ica.se/stores/1004181/products/tofu-naturell-ekologisk-230g-krav-yi-pin/2056543
Tofu Teriyaki Ekologisk 170g Peas of Heaven,"27,90 kr","0.17kg 164,12 kr/kg",159 kcal,8.8 g,1.3 g,3 g,1 g,,16.9 g,1 g,,,667 kJ,,,,,,,,,,,,,,,https://handlaprivatkund.ica.se/stores/1004181/products/tofu-teriyaki-ekologisk-170g-peas-of-heaven/2153855
Pastej vegetarisk bredbar kryddad med Karl-Johansvamp 200g Pastejköket,"26,90 kr","0.2kg 134,50 kr/kg",250 kcal,20 g,1.4 g,12 g,1.3 g,,4.9 g,1.3 g,,,1050 kJ,,,,,,,,,,,,,,,https://handlaprivatkund.ica.se/stores/1004181/products/pastej-vegetarisk-bredbar-kryddad-med-karl-johansvamp-200g-pastejk%C3%B6ket/1526670
"Mandeldryck Osötad 1,1% 1l Alpro","33,90 kr","1L 33,90 kr/l",15 kcal,1.1 g,0.1 g,0 g,0 g,0.3 g,0.5 g,0.15 g,0.38 µg,,61 kJ,0.75 µg,0.21 mg,120 mg,,,,,,,,,,1.8 mg,,https://handlaprivatkund.ica.se/stores/1004181/products/mandeldryck-os%C3%B6tad-1-1-1l-alpro/1447467
Havredryck 1% 1l ICA Basic,"15,90 kr","1L 15,90 kr/l",44 kcal,1 g,0.1 g,7.6 g,2.5 g,,0.8 g,0.1 g,0.38 µg,,185 kJ,1 µg,0.21 mg,120 mg,,,,,,,,,,,,https://handlaprivatkund.ica.se/stores/1004181/products/havredryck-1-1l-ica-basic/2157295
"Havredryck Ekologisk 0,5% 1l Oatly","26,90 kr","1L 26,90 kr/l",39 kcal,0.5 g,0.1 g,7.2 g,3.4 g,0.8 g,1.1 g,0.1 g,,,166 kJ,1.1 µg,,,,,,,,,,,,,,https://handlaprivatkund.ica.se/stores/1004181/products/havredryck-ekologisk-0-5-1l-oatly/1475744
Plant-based Nuggets 700g Hälsans Kök,"107,00 kr","0.7kg 152,86 kr/kg",222 kcal,11 g,1.2 g,14 g,0.6 g,5.5 g,14 g,1 g,,,927 kJ,,,,,,,,,,,,,,,https://handlaprivatkund.ica.se/stores/1004181/products/plant-based-nuggets-700g-h%C3%A4lsans-k%C3%B6k/2101405
Vego-Cabanossy Kryddig 250g ICA,"41,90 kr","0.25kg 167,60 kr/kg",211 kcal,19.6 g,1.5 g,2 g,0.8 g,,6.6 g,1.9 g,,,871 kJ,,,,,,,,,,,,,,,https://handlaprivatkund.ica.se/stores/1004181/products/vego-cabanossy-kryddig-250g-ica/2050754
Havredryck Matcha 1000ml Oatly,"39,90 kr","1L 39,90 kr/l",68 kcal,2.8 g,0.3 g,7.8 g,4.5 g,1 g,1.1 g,0.15 g,,,285 kJ,,,120 mg,,,,,,,,,,,,https://handlaprivatkund.ica.se/stores/1004181/products/havredryck-matcha-1000ml-oatly/2171390
"Havredryck Barista 2,8% 1000ml Fazer Aito","22,90 kr","1L 22,90 kr/l",62 kcal,2.8 g,0.2 g,7.8 g,3.5 g,,1 g,0.1 g,0.38 µg,,256 kJ,1 µg,0.21 mg,120 mg,,,,,,,,,,,,https://handlaprivatkund.ica.se/stores/1004181/products/havredryck-barista-2-8-1000ml-fazer-aito/2128355
Vegokorv Glutenfri Fryst 840g Anamma,"114,00 kr","0.84kg 135,71 kr/kg",174 kcal,12 g,0.9 g,4.8 g,1.4 g,4.5 g,11 g,1.5 g,,,729 kJ,,,,,,,,,,,,,,,https://handlaprivatkund.ica.se/stores/1004181/products/vegokorv-glutenfri-fryst-840g-anamma/2011353
"Havredryck Mellan 1,5% 1l Oatly","22,90 kr","1L 22,90 kr/l",48 kcal,1.5 g,0.2 g,7 g,3.4 g,0.8 g,1.1 g,0.1 g,0.24 µg,,200 kJ,1.1 µg,0.21 mg,120 mg,22.5 µg,,,,,,,,,,,https://handlaprivatkund.ica.se/stores/1004181/products/havredryck-mellan-1-5-1l-oatly/2107757
Surskalle Gelatinfri 190g Fairtrade Bubs,"24,90 kr","0.19kg 131,05 kr/kg",345 kcal,0 g,0 g,84 g,47 g,,0 g,0 g,,,1442 kJ,,,,,,,,,,,,,,,https://handlaprivatkund.ica.se/stores/1004181/products/surskalle-gelatinfri-190g-fairtrade-bubs/1499727
Godis Jättesalt 65g Konfekta,"13,90 kr","0.065kg 213,85 kr/kg",368 kcal,0 g,0 g,91.3 g,64.5 g,,0.4 g,0 g,,,1538 kJ,,,,,,,,,,,,,,,https://handlaprivatkund.ica.se/stores/1004181/products/godis-j%C3%A4ttesalt-65g-konfekta/1007052
Havredryck Professional Barista 1000ml Fazer Aito,"29,90 kr","1L 29,90 kr/l",62 kcal,3 g,0.3 g,7.8 g,1.6 g,,1.1 g,0.1 g,0.38 µg,,260 kJ,1 µg,0.21 mg,120 mg,,,,,,,,,,,,https://handlaprivatkund.ica.se/stores/1004181/products/havredryck-professional-barista-1000ml-fazer-aito/2169091
Leifs Köttfria Köttbullar 500g Dafgård,"62,00 kr","0.5kg 124,00 kr/kg",187 kcal,10 g,0.8 g,10 g,2.3 g,2.7 g,13 g,1.3 g,,,783 kJ,,,,,,,,,,,,,,,https://handlaprivatkund.ica.se/stores/1004181/products/leifs-k%C3%B6ttfria-k%C3%B6ttbullar-500g-dafg%C3%A5rd/2054893
Gelégodis Hallon & saltlakrits Vegansk 70g Wellibites,"36,90 kr","0.07kg 527,14 kr/kg",190 kcal,0 g,0 g,89 g,0 g,,2.5 g,0.1 g,,,795 kJ,,,,,,0 g,73 g,,0 g,,,,,0.35 mg,https://handlaprivatkund.ica.se/stores/1004181/products/gel%C3%A9godis-hallon-saltlakrits-vegansk-70g-wellibites/2039406
Glass Vanilj Vegansk 750ml Laktosfri Choice,"42,90 kr","0.75L 57,20 kr/l",92 kcal,3.1 g,2.6 g,15 g,12 g,,0.54 g,0.11 g,,,389 kJ,,,,,,,,,,,,,,,https://handlaprivatkund.ica.se/stores/1004181/products/glass-vanilj-vegansk-750ml-laktosfri-choice/1529572
Vego-Grillare 280g ICA,"41,90 kr","0.28kg 149,64 kr/kg",212 kcal,19.4 g,1.5 g,3.1 g,2.5 g,,6.3 g,1.9 g,,,878 kJ,,,,,,,,,,,,,,,https://handlaprivatkund.ica.se/stores/1004181/products/vego-grillare-280g-ica/2050755
Pinsabotten Glutenfri 180g Zeta,"61,00 kr","0.18kg 338,89 kr/kg",220 kcal,6.3 g,0.7 g,40 g,2 g,3.7 g,2.2 g,1.8 g,,,979 kJ,,,,,,,,0.72 g,,,,,,,https://handlaprivatkund.ica.se/stores/1004181/products/pinsabotten-glutenfri-180g-zeta/2154355
Delikatessbullar Vegetariska 340g Felix,"60,00 kr","0.34kg 176,47 kr/kg",213 kcal,13 g,1.1 g,8.7 g,1.5 g,4.2 g,11 g,1.5 g,,,891 kJ,,,,,,,,,,,,,,,https://handlaprivatkund.ica.se/stores/1004181/products/delikatessbullar-vegetariska-340g-felix/2077776
Sojadryck Protein Vanilj 1000ml Alpro,"30,90 kr","1L 30,90 kr/l",67 kcal,2.8 g,0.5 g,4.8 g,4.8 g,0.9 g,5 g,0.12 g,0.38 µg,,281 kJ,0.75 µg,0.21 mg,120 mg,,,,,,,,,,,,https://handlaprivatkund.ica.se/stores/1004181/products/sojadryck-protein-vanilj-1000ml-alpro/2134414
Herb & Garlicsauce 200g Farmers & Chefs,"32,90 kr","0.2kg 164,50 kr/kg",380 kcal,40 g,2.8 g,4.3 g,1.3 g,,0.6 g,1.5 g,,,1600 kJ,,,,,,,,,,,,,,,https://handlaprivatkund.ica.se/stores/1004181/products/herb-garlicsauce-200g-farmers-chefs/2141681
Ost Parveggio Riven Vegansk 100g Green Vie,"36,90 kr","0.1kg 369,00 kr/kg",333 kcal,22.7 g,20 g,32 g,0 g,,0.1 g,2.9 g,2.54 µg,,1386 kJ,,,,,,,,,,,,,,,https://handlaprivatkund.ica.se/stores/1004181/products/ost-parveggio-riven-vegansk-100g-green-vie/2027165
Havregurt Jordgubb 2% 1l Oatly,"42,90 kr","1kg 42,90 kr/kg",83 kcal,1.9 g,0.2 g,15 g,8.3 g,0.9 g,1 g,0.11 g,0.38 µg,,350 kJ,1.1 µg,0.21 mg,133 mg,22.5 µg,,,,,,,,,,,https://handlaprivatkund.ica.se/stores/1004181/products/havregurt-jordgubb-2-1l-oatly/1471186
Tofu Färsk Tärnad Friterad 200g Yipin,"40,90 kr","0.2kg 204,50 kr/kg",179 kcal,11 g,1.3 g,3 g,0.1 g,,17 g,1 g,,,748 kJ,,,,,,,,,,,,,,,https://handlaprivatkund.ica.se/stores/1004181/products/tofu-f%C3%A4rsk-t%C3%A4rnad-friterad-200g-yipin/2140308
Tutti Frutti Sour 180g Fazer,"25,90 kr","0.18kg 143,89 kr/kg",363 kcal,0.5 g,0.1 g,90 g,62 g,,0.5 g,0.27 g,,,1526 kJ,,,,,,,,,,,,,,,https://handlaprivatkund.ica.se/stores/1004181/products/tutti-frutti-sour-180g-fazer/1514847
Mjukost creamy original vegansk 200g Violife,"40,90 kr","0.2kg 204,50 kr/kg",237 kcal,24 g,22 g,5 g,0 g,,0 g,1 g,2.5 µg,,977 kJ,,,,,,,,,,,,,,,https://handlaprivatkund.ica.se/stores/1004181/products/mjukost-creamy-original-vegansk-200g-violife/2033566
Havredryck Dumle Barista 1000ml Fazer Aito,"22,90 kr","1L 22,90 kr/l",65 kcal,2.6 g,0.2 g,9.6 g,4.8 g,,0.9 g,0.1 g,0.38 µg,,276 kJ,1 µg,0.21 mg,120 mg,,,,,,,,,,,,https://handlaprivatkund.ica.se/stores/1004181/products/havredryck-dumle-barista-1000ml-fazer-aito/2169085
Ärtdryck Barista Zero 1l Sproud,"26,90 kr","1L 26,90 kr/l",30 kcal,3 g,0.2 g,0 g,0 g,,2 g,0.13 g,0.38 µg,,140 kJ,1 µg,0.21 mg,120 mg,,,,,,,,,,,,https://handlaprivatkund.ica.se/stores/1004181/products/%C3%A4rtdryck-barista-zero-1l-sproud/2024983
Pulled BBQ Chunks 280g Oumph,"55,00 kr","0.28kg 196,43 kr/kg",115 kcal,0 g,0 g,11 g,9.4 g,4.7 g,14 g,1.5 g,,2.4 mg,480 kJ,,,,,,,,,,,,,,,https://handlaprivatkund.ica.se/stores/1004181/products/pulled-bbq-chunks-280g-oumph/2094012
Havredryck Barista Glutenfri 3% 1l Oddlygood®,"24,90 kr","1L 24,90 kr/l",58 kcal,3 g,0.3 g,6.6 g,3.5 g,0.4 g,1.2 g,0.1 g,0.4 µg,,244 kJ,1 µg,0.21 mg,120 mg,22.5 µg,,,,,,,,,,,https://handlaprivatkund.ica.se/stores/1004181/products/havredryck-barista-glutenfri-3-1l-oddlygood/2044852
Tofu rökt 200g ICA Basic,"21,90 kr","0.2kg 109,50 kr/kg",122 kcal,6.4 g,1 g,0.5 g,0.5 g,,14 g,1.7 g,,,508 kJ,,,,,,,,,,,,,,,https://handlaprivatkund.ica.se/stores/1004181/products/tofu-r%C3%B6kt-200g-ica-basic/2115938
Blue cheese vegan Glutenfri Laktosfri 200g Green Vie,"43,90 kr","0.2kg 219,50 kr/kg",293 kcal,24 g,21 g,19 g,0 g,,0.5 g,2.5 g,2.5 µg,,1224 kJ,,,,,,,,,,,,,,,https://handlaprivatkund.ica.se/stores/1004181/products/blue-cheese-vegan-glutenfri-laktosfri-200g-green-vie/2045081
Sojaprodukt Greek Style Mango Växtbaserat 400g Alpro,"35,90 kr","0.4kg 89,75 kr/kg",84 kcal,3 g,0.5 g,8.4 g,8.1 g,1.2 g,5.2 g,0.26 g,0.38 µg,,354 kJ,0.75 µg,0.21 mg,120 mg,,,,,,,,,,,,https://handlaprivatkund.ica.se/stores/1004181/products/sojaprodukt-greek-style-mango-v%C3%A4xtbaserat-400g-alpro/2134415
Vegobullar Glutenfri Fryst 900g Anamma,"114,00 kr","0.9kg 126,67 kr/kg",160 kcal,10 g,0.8 g,4.7 g,0.7 g,4.2 g,11 g,1 g,,,668 kJ,,,,,,,,,,,,,,,https://handlaprivatkund.ica.se/stores/1004181/products/vegobullar-glutenfri-fryst-900g-anamma/2011325
Plant-based Schnitzel 720g Hälsans Kök,"107,00 kr","0.72kg 148,61 kr/kg",222 kcal,12 g,1.2 g,11.8 g,0.6 g,6.2 g,13.5 g,0.8 g,,,924 kJ,,,,,,,,,,,,,,,https://handlaprivatkund.ica.se/stores/1004181/products/plant-based-schnitzel-720g-h%C3%A4lsans-k%C3%B6k/2101404
Schnitzel vego 200g ICA,"36,90 kr","0.2kg 184,50 kr/kg",238 kcal,8.9 g,1.1 g,22 g,1.4 g,3.4 g,16 g,1.5 g,0.38 µg,2.1 mg,999 kJ,,,,,,,,,,,,,,,https://handlaprivatkund.ica.se/stores/1004181/products/schnitzel-vego-200g-ica/2099919
Sojafärs Fryst 750g ICA,"75,00 kr","0.75kg 100,00 kr/kg",186 kcal,9.7 g,0.6 g,7.1 g,2.3 g,5.2 g,15 g,1.1 g,,,776 kJ,,,,,,,,,,,,,,,https://handlaprivatkund.ica.se/stores/1004181/products/sojaf%C3%A4rs-fryst-750g-ica/2038071
Vegetariska sojafiléer OVO Fryst 300g Hälsans Kök,"53,00 kr","0.3kg 176,67 kr/kg",148 kcal,4 g,0.5 g,9.4 g,2.7 g,5.8 g,15.8 g,1.3 g,,,623 kJ,,,,,,,,,,,,,,,https://handlaprivatkund.ica.se/stores/1004181/products/vegetariska-sojafil%C3%A9er-ovo-fryst-300g-h%C3%A4lsans-k%C3%B6k/1330343
Plantgurt Protein Red Berries 200g Alpro,"22,90 kr","0.2kg 114,50 kr/kg",81 kcal,2.2 g,0.4 g,7 g,6.8 g,1.1 g,7.5 g,0.18 g,0.38 µg,,342 kJ,0.75 µg,,120 mg,,,,,,,,,,,,https://handlaprivatkund.ica.se/stores/1004181/products/plantgurt-protein-red-berries-200g-alpro/2142017
Vegofärs Glutenfri Fryst 1kg Anamma,"114,00 kr","1kg 114,00 kr/kg",171 kcal,9.5 g,0.7 g,1.8 g,0.9 g,5.5 g,17 g,0.7 g,,,715 kJ,,,,,,,,,,,,,,,https://handlaprivatkund.ica.se/stores/1004181/products/vegof%C3%A4rs-glutenfri-fryst-1kg-anamma/2011324
Iskaffe Havrelatte Caramel 235ml Oatly,"26,90 kr","0.235L 114,47 kr/l",64 kcal,2 g,0.2 g,10 g,6.8 g,0.9 g,1.1 g,0.17 g,,,269 kJ,,,120 mg,,,,,,,,,,,,https://handlaprivatkund.ica.se/stores/1004181/products/iskaffe-havrelatte-caramel-235ml-oatly/2151426
Mozzarella vegansk 250g Greenvie,"43,90 kr","0.25kg 175,60 kr/kg",305 kcal,23.5 g,21 g,23 g,0 g,,0.3 g,1.2 g,,,1265 kJ,,,,,,,,,,,,,,,https://handlaprivatkund.ica.se/stores/1004181/products/mozzarella-vegansk-250g-greenvie/2027168
Riven ost original veggie 150g Oddlygood®,"30,90 kr","0.15kg 206,00 kr/kg",298 kcal,24 g,14 g,21 g,0 g,2 g,1 g,2.3 g,1.7 µg,,1236 kJ,4 µg,0.9 mg,0 mg,87 µg,,7.4 g,,,1.2 g,,,,,,https://handlaprivatkund.ica.se/stores/1004181/products/riven-ost-original-veggie-150g-oddlygood/2041872
Hallon och lakritsskalle 190g Fairtrade Bubs,"24,90 kr","0.19kg 131,05 kr/kg",353 kcal,0.2 g,0.2 g,86 g,60 g,,0 g,0.2 g,,,1476 kJ,,,,,,,,,,,,,,,https://handlaprivatkund.ica.se/stores/1004181/products/hallon-och-lakritsskalle-190g-fairtrade-bubs/1499726
Tofu Asia Ekologisk 170g Peas of Heaven,"27,90 kr","0.17kg 164,12 kr/kg",162 kcal,9.5 g,1.4 g,2.4 g,0.5 g,,16.9 g,1 g,,,678 kJ,,,,,,,,,,,,,,,https://handlaprivatkund.ica.se/stores/1004181/products/tofu-asia-ekologisk-170g-peas-of-heaven/2153856
Tofu silkesmjuk Ekologisk 400g YiPin,"43,90 kr","0.4kg 109,75 kr/kg",66 kcal,3.1 g,0.6 g,2 g,0.5 g,,7.5 g,0.01 g,,,277 kJ,,,,,,,,,,,,,,,https://handlaprivatkund.ica.se/stores/1004181/products/tofu-silkesmjuk-ekologisk-400g-yipin/2077123
Matlagningsgrädde soja 1l Alpro,"58,00 kr","1L 58,00 kr/l",142 kcal,14 g,1.6 g,1.2 g,1.2 g,0.6 g,2 g,0.14 g,,,587 kJ,,,,,,3.7 g,,,8.7 g,,,,,,https://handlaprivatkund.ica.se/stores/1004181/products/matlagningsgr%C3%A4dde-soja-1l-alpro/1527599
Veganost Skivad Mature Cheddar 200g Violife,"43,90 kr","0.2kg 219,50 kr/kg",297 kcal,23 g,20 g,22 g,0 g,,0.1 g,2.3 g,2.5 µg,,1232 kJ,,,,,,,,,,,,,,,https://handlaprivatkund.ica.se/stores/1004181/products/veganost-skivad-mature-cheddar-200g-violife/2118749
Havredryck choklad 1l Oatly,"22,90 kr","1L 22,90 kr/l",65 kcal,1.5 g,0.2 g,11 g,6.8 g,1.1 g,1.3 g,0.16 g,0.38 µg,,273 kJ,1.1 µg,0.21 mg,120 mg,22.5 µg,,,,,,,,,,,https://handlaprivatkund.ica.se/stores/1004181/products/havredryck-choklad-1l-oatly/1471182
Bearnaise plant based 200g Farmers & Chefs,"32,90 kr","0.2kg 164,50 kr/kg",600 kcal,67 g,4.7 g,1.3 g,0.5 g,,0.5 g,1.2 g,,,2500 kJ,,,,,,,,,,,,,,,https://handlaprivatkund.ica.se/stores/1004181/products/bearnaise-plant-based-200g-farmers-chefs/2123490
Havredryck iKaffe Barista 3% 500ml Oatly,"18,90 kr","0.5L 37,80 kr/l",61 kcal,3 g,0.3 g,7.1 g,3.4 g,0.8 g,1.1 g,0.1 g,0.38 µg,,257 kJ,1.1 µg,0.21 mg,120 mg,22.5 µg,,,,,,,,,,,https://handlaprivatkund.ica.se/stores/1004181/products/havredryck-ikaffe-barista-3-500ml-oatly/2092364
"Havremellanmål Proteingurt Berries Glutenfri 1,7% 400g Oddlygood®","31,90 kr","0.4kg 79,75 kr/kg",91 kcal,1.7 g,0.7 g,13 g,8 g,,4.8 g,0.07 g,0.4 µg,,377 kJ,1 µg,0.21 mg,120 mg,22.5 µg,,,,,,,,,,,https://handlaprivatkund.ica.se/stores/1004181/products/havremellanm%C3%A5l-proteingurt-berries-glutenfri-1-7-400g-oddlygood/2151546
Tofu naturell Ekologisk 400g KRAV YiPin,"40,90 kr","0.4kg 102,25 kr/kg",118 kcal,5.9 g,1.1 g,2.1 g,0.2 g,,14.2 g,0.01 g,,,494 kJ,,,,,,,,,,,,,,,https://handlaprivatkund.ica.se/stores/1004181/products/tofu-naturell-ekologisk-400g-krav-yipin/2025514
Filébitar Vegansk Fryst 320g Hälsans Kök,"53,00 kr","0.32kg 165,63 kr/kg",151 kcal,4.7 g,0.4 g,1.2 g,0.1 g,5.9 g,23 g,1.4 g,,,631 kJ,,,,,,,,,,,,,,,https://handlaprivatkund.ica.se/stores/1004181/products/fil%C3%A9bitar-vegansk-fryst-320g-h%C3%A4lsans-k%C3%B6k/2011974
Veganskivor ChiQi 100g Quorn,"36,90 kr","0.1kg 369,00 kr/kg",94 kcal,2.3 g,0.6 g,4.1 g,0.5 g,6.2 g,11 g,1.3 g,,,393 kJ,,,,,,,,,,,,,,,https://handlaprivatkund.ica.se/stores/1004181/products/veganskivor-chiqi-100g-quorn/2140560
Baljväxtfärs 500g Anamma,"83,00 kr","0.5kg 166,00 kr/kg",170 kcal,7 g,0.6 g,9.3 g,1.3 g,4.7 g,15 g,0.77 g,,,712 kJ,,,,,,,,,,,,,,,https://handlaprivatkund.ica.se/stores/1004181/products/baljv%C3%A4xtf%C3%A4rs-500g-anamma/2119867
Mellanmål Soygurt Naturell Ekologisk 750g Oddlygood®,"42,90 kr","0.75kg 57,20 kr/kg",53 kcal,2.2 g,0.3 g,3.8 g,2.2 g,,4.1 g,0.15 g,,,222 kJ,1 µg,,,,,,,,,,,,,,https://handlaprivatkund.ica.se/stores/1004181/products/mellanm%C3%A5l-soygurt-naturell-ekologisk-750g-oddlygood/2134400
Mörk Choklad Vegan 70% 90g Green Star,"59,00 kr","0.09kg 655,56 kr/kg",572 kcal,42 g,25 g,34 g,27 g,,9.5 g,0.01 g,,,2374 kJ,,,,,,,,,,,,,,,https://handlaprivatkund.ica.se/stores/1004181/products/m%C3%B6rk-choklad-vegan-70-90g-green-star/2150861
Tutti frutti Rings 180g Fazer,"25,90 kr","0.18kg 143,89 kr/kg",353 kcal,0.5 g,0 g,87 g,53 g,,0.5 g,0.67 g,,,1489 kJ,,,,,,,,,,,,,,,https://handlaprivatkund.ica.se/stores/1004181/products/tutti-frutti-rings-180g-fazer/1477737
Pålägg Naturell växtbaserat 150g Oatly,"29,90 kr","0.15kg 199,33 kr/kg",234 kcal,20 g,8 g,9.9 g,3.6 g,0.9 g,3.2 g,0.72 g,,,970 kJ,,,,,,,,,,,,,,,https://handlaprivatkund.ica.se/stores/1004181/products/p%C3%A5l%C3%A4gg-naturell-v%C3%A4xtbaserat-150g-oatly/1499004
Havregurt Naturell 3% 1l Oatly,"42,90 kr","1kg 42,90 kr/kg",82 kcal,3 g,0.3 g,12 g,4.4 g,0.9 g,1.4 g,0.1 g,0.38 µg,,346 kJ,1.1 µg,0.21 mg,144 mg,22.5 µg,,,,,,,,,,,https://handlaprivatkund.ica.se/stores/1004181/products/havregurt-naturell-3-1l-oatly/1471189
Smörgåsmargarin bredbart 70% 400g Carlshamn,"28,90 kr","0.4kg 72,25 kr/kg",,,,,,,,,,,,,,,,,,,,,,,,,,https://handlaprivatkund.ica.se/stores/1004181/products/sm%C3%B6rg%C3%A5smargarin-bredbart-70-400g-carlshamn/1479672
"Havredryck Choklad 1,5% 250ml Oatly","9,90 kr","0.25L 39,60 kr/l",65 kcal,1.5 g,0.2 g,11 g,6.8 g,1.1 g,1.3 g,0.16 g,0.38 µg,,273 kJ,1.1 µg,0.21 mg,120 mg,22.5 µg,,,,,,,,,,,https://handlaprivatkund.ica.se/stores/1004181/products/havredryck-choklad-1-5-250ml-oatly/1422175
"Havredryck Barista Delight Glutenfri 1,5% 1000ml Oddlygood®","24,90 kr","1L 24,90 kr/l",43 kcal,1.5 g,0.2 g,6.3 g,3.1 g,,1.1 g,0.08 g,0.4 µg,,181 kJ,1 µg,0.21 mg,120 mg,22.5 µg,,,,,,,,,,,https://handlaprivatkund.ica.se/stores/1004181/products/havredryck-barista-delight-glutenfri-1-5-1000ml-oddlygood/2169072
Plant based 145g Philadelphia,"36,90 kr","0.145kg 254,48 kr/kg",218 kcal,21 g,17 g,2.2 g,1.2 g,1.5 g,3.3 g,0.76 g,,,899 kJ,,,,,,,,,,,,,,,https://handlaprivatkund.ica.se/stores/1004181/products/plant-based-145g-philadelphia/2108570
Sojadryck Naturell 1l ICA I love eco,"25,90 kr","1L 25,90 kr/l",42 kcal,2.3 g,0.3 g,0.9 g,0.8 g,0.6 g,4 g,0.03 g,,,173 kJ,,,,,,0.5 g,,,1.4 g,,,,,,https://handlaprivatkund.ica.se/stores/1004181/products/sojadryck-naturell-1l-ica-i-love-eco/1499002
Havredryck Barista 1l ICA,"21,90 kr","1L 21,90 kr/l",62 kcal,3 g,0.3 g,7.5 g,4 g,0.5 g,0.8 g,0.1 g,0.38 µg,,259 kJ,1.1 g,0.21 mg,120 mg,,,,,,,,,,,,https://handlaprivatkund.ica.se/stores/1004181/products/havredryck-barista-1l-ica/2090748
Ostbitar Camembert bites Fryst 220g Lindströms Bites,"38,90 kr","0.22kg 176,82 kr/kg",286 kcal,14 g,8 g,29 g,1 g,,12 g,2.4 g,,,1206 kJ,,,,,,,,,,,,,,,https://handlaprivatkund.ica.se/stores/1004181/products/ostbitar-camembert-bites-fryst-220g-lindstr%C3%B6ms-bites/2018373
Svensk Ärtfalafel 400g Peas of Heaven,"42,90 kr","0.4kg 107,25 kr/kg",250 kcal,13 g,1.1 g,22 g,1.7 g,5.3 g,9.5 g,1.9 g,,,1060 kJ,,,,,,,,,,,,,,,https://handlaprivatkund.ica.se/stores/1004181/products/svensk-%C3%A4rtfalafel-400g-peas-of-heaven/2130836
Vegoschnitzel Glutenfri 750g Anamma,"114,00 kr","0.75kg 152,00 kr/kg",228 kcal,13 g,1 g,13 g,0.9 g,4.4 g,12 g,1 g,,,955 kJ,,,,,,,,,,,,,,,https://handlaprivatkund.ica.se/stores/1004181/products/vegoschnitzel-glutenfri-750g-anamma/2054869
Havredyck iKaffe Caramel 1000ml Oatly,"32,90 kr","1L 32,90 kr/l",70 kcal,3.2 g,0.3 g,8.8 g,5.1 g,0.8 g,1.1 g,0.1 g,0.24 µg,,293 kJ,0.5 µg,0.21 mg,120 mg,,,,,,,,,,,,https://handlaprivatkund.ica.se/stores/1004181/products/havredyck-ikaffe-caramel-1000ml-oatly/2151425
"Mandeldryck Rostad 1,1% 1l Alpro","33,90 kr","1L 33,90 kr/l",22 kcal,1.1 g,0.1 g,3 g,3 g,0.4 g,0.4 g,0.14 g,0.38 µg,,93 kJ,0.75 µg,0.21 mg,120 mg,,,0.7 g,0.3 g,0.06 g,,,,,1.8 mg,,https://handlaprivatkund.ica.se/stores/1004181/products/mandeldryck-rostad-1-1-1l-alpro/1427987
Havredryck Iskaffe Mocha Brownie Glutenfri 250ml Oddlygood®,"19,90 kr","0.25L 79,60 kr/l",58 kcal,1.5 g,0.2 g,9.9 g,5.7 g,,1.3 g,0.13 g,0.4 µg,,246 kJ,1 µg,0.21 mg,120 mg,22.5 µg,,,,,,,,,,,https://handlaprivatkund.ica.se/stores/1004181/products/havredryck-iskaffe-mocha-brownie-glutenfri-250ml-oddlygood/2151901
Grill spice chunk 280g Oumph,"55,00 kr","0.28kg 196,43 kr/kg",120 kcal,4 g,0.4 g,2.2 g,1.4 g,5.5 g,16 g,1.6 g,,3 mg,501 kJ,,,,,49.4 µg,,,,,,,,,,https://handlaprivatkund.ica.se/stores/1004181/products/grill-spice-chunk-280g-oumph/2094010
Mandeldryck Naturell 1l ICA I love eco,"31,90 kr","1L 31,90 kr/l",,,,,,,,,,,,,,,,,,,,,,,,,,https://handlaprivatkund.ica.se/stores/1004181/products/mandeldryck-naturell-1l-ica-i-love-eco/1527962
Vegopålägg Block Plant Based 250g Oddlygood,"37,90 kr","0.25kg 151,60 kr/kg",292 kcal,23 g,15 g,20 g,0 g,,1.1 g,1.5 g,1.7 µg,,1213 kJ,4 µg,0.9 mg,120 mg,87 µg,,5.1 g,,,2.4 g,,,,,,https://handlaprivatkund.ica.se/stores/1004181/products/vegop%C3%A5l%C3%A4gg-block-plant-based-250g-oddlygood/2141679
"Havremellanmål Proteingurt Citrus Glutenfri 1,7% 400g Oddlygood®","31,90 kr","0.4kg 79,75 kr/kg",92 kcal,1.7 g,0.7 g,13 g,8.5 g,,4.7 g,0.12 g,0.4 µg,,382 kJ,1 µg,0.21 mg,120 mg,22.5 µg,,,,,,,,,,,https://handlaprivatkund.ica.se/stores/1004181/products/havremellanm%C3%A5l-proteingurt-citrus-glutenfri-1-7-400g-oddlygood/2151544
Havredryck iKaffe Barista 3% 1l Oatly,"25,90 kr","1L 25,90 kr/l",,,,,,,,,,,,,,,,,,,,,,,,,,https://handlaprivatkund.ica.se/stores/1004181/products/havredryck-ikaffe-barista-3-1l-oatly/2107755
Ärtdryck Barista 1000ml Sproud,"26,90 kr","1L 26,90 kr/l",40 kcal,3 g,0.2 g,1.9 g,1.9 g,,2 g,0.12 g,0.38 µg,,180 kJ,1 µg,0.21 mg,120 mg,,,,,,,,,,,,https://handlaprivatkund.ica.se/stores/1004181/products/%C3%A4rtdryck-barista-1000ml-sproud/2033284
