Name,Price,Size,Energi (kcal),Energi (kJ),Fett,Varav mättat fett,Kolhydrat,Varav sockerarter,Fiber,Protein,Salt,Varav polyoler,Vitamin B12,Vitamin D,Folsyra,Selen,Vitamin A,Natrium,Kalcium,Järn,Material,Varav fleromättat fett,Varav enkelomättat fett,Vitamin C,Riboflavin,url
Utopia Double Hazelnut Glasspinne 1-p Magnum,"34,90 kr",,348 kcal,1458 kJ,20 g,12 g,37 g,29 g,0.8 g,4.6 g,0.5 g,,,,,,,,,,,,,,,https://handlaprivatkund.ica.se/stores/1004181/products/utopia-double-hazelnut-glasspinne-1-p-magnum/2154455
Laxfilé Fryst 4-p 500g Pacific brand,"120,00 kr","0.5kg 240,00 kr/kg",180 kcal,750 kJ,12 g,2.6 g,0 g,0 g,,18 g,,,,,,,,,,,,,,,,https://handlaprivatkund.ica.se/stores/1004181/products/laxfil%C3%A9-fryst-4-p-500g-pacific-brand/1413816
Panpizza Veggie Fryst 170g Billys,"18,90 kr","0.17kg 111,18 kr/kg",228 kcal,956 kJ,8.5 g,3.4 g,27 g,2.1 g,1.8 g,9.7 g,0.85 g,,,,,,,,,,,,,,,https://handlaprivatkund.ica.se/stores/1004181/products/panpizza-veggie-fryst-170g-billys/1006318
Glass Favorites Oreo 825ml GB Glace,"47,90 kr","0.825L 58,06 kr/l",217 kcal,909 kJ,8.7 g,7 g,31 g,23 g,,2.7 g,0.2 g,,,,,,,,,,,,,,,https://handlaprivatkund.ica.se/stores/1004181/products/glass-favorites-oreo-825ml-gb-glace/2130397
Krispiga Potatisräfflor Fryst 600g ICA,"33,90 kr","0.6kg 56,50 kr/kg",188 kcal,789 kJ,6.7 g,0.8 g,28 g,0.3 g,1.6 g,3.1 g,0.66 g,,,,,,,,,,,,,,,https://handlaprivatkund.ica.se/stores/1004181/products/krispiga-potatisr%C3%A4fflor-fryst-600g-ica/2093329
Glass Strawberry Cheesecake 465ml Ben & Jerrys,"80,00 kr","0.465L 172,04 kr/l",243 kcal,1021 kJ,14 g,7.4 g,27 g,24 g,,3.3 g,0.28 g,,,,,,,,,,,,,,,https://handlaprivatkund.ica.se/stores/1004181/products/glass-strawberry-cheesecake-465ml-ben-jerrys/2054636
Glass Mars 74ml Triumf Glass,"30,90 kr",,266 kcal,1114 kJ,14 g,8.3 g,33 g,25 g,,2.8 g,0.1 g,,,,,,,,,,,,,,,https://handlaprivatkund.ica.se/stores/1004181/products/glass-mars-74ml-triumf-glass/1443719
Glass Choklad 900ml ICA,"46,90 kr","0.9L 52,11 kr/l",,,,,,,,,,,,,,,,,,,,,,,,https://handlaprivatkund.ica.se/stores/1004181/products/glass-choklad-900ml-ica/1318988
Glass White Chocolate Strawberry 100ml Magnum,"33,90 kr",,288 kcal,1203 kJ,17 g,11 g,30 g,26 g,,3.8 g,0.13 g,,,,,,,,,,,,,,,https://handlaprivatkund.ica.se/stores/1004181/products/glass-white-chocolate-strawberry-100ml-magnum/2130093
Glass Mini Utopia double hazelnut 6-p Magnum,"69,00 kr","6 per frp 11,50 kr/st",358 kcal,1499 kJ,21 g,13 g,37 g,30 g,0.8 g,4.8 g,0.47 g,,,,,,,,,,,,,,,https://handlaprivatkund.ica.se/stores/1004181/products/glass-mini-utopia-double-hazelnut-6-p-magnum/2154399
Jennys Kåldolme 400g Dafgård,"41,90 kr","0.4kg 104,75 kr/kg",120 kcal,502 kJ,6.9 g,2.3 g,11 g,3.7 g,1.4 g,2.9 g,1.2 g,,,,,,,,,,,,,,,https://handlaprivatkund.ica.se/stores/1004181/products/jennys-k%C3%A5ldolme-400g-dafg%C3%A5rd/2093869
Chili cheese nuggets Fryst 250g Lindströms Bites,"38,90 kr","0.25kg 155,60 kr/kg",250 kcal,1050 kJ,11 g,5.4 g,27 g,1.2 g,,9 g,1.8 g,,,,,,,,,,,,,,,https://handlaprivatkund.ica.se/stores/1004181/products/chili-cheese-nuggets-fryst-250g-lindstr%C3%B6ms-bites/1426112
Mini Marängtoppar 100g ICA,"35,90 kr","0.1kg 359,00 kr/kg",397 kcal,1686 kJ,0.1 g,0.1 g,94 g,81 g,,5.1 g,0.11 g,,,,,,,,,,,,,,,https://handlaprivatkund.ica.se/stores/1004181/products/mini-mar%C3%A4ngtoppar-100g-ica/2015742
Glass Vanilj Krossad Choklad 500ml GB Gräddglass,"18,90 kr","0.5L 37,80 kr/l",110 kcal,460 kJ,5.3 g,3.4 g,14 g,11 g,,1.4 g,0.05 g,,,,,,,,,,,,,,,https://handlaprivatkund.ica.se/stores/1004181/products/glass-vanilj-krossad-choklad-500ml-gb-gr%C3%A4ddglass/2067306
Pizza Rustica Beef Kebab 610g Dr.Oetker,"73,00 kr","0.61kg 119,67 kr/kg",222 kcal,931 kJ,8.5 g,5 g,26 g,3.3 g,,8.9 g,0.91 g,,,,,,,,,,,,,,,https://handlaprivatkund.ica.se/stores/1004181/products/pizza-rustica-beef-kebab-610g-dr-oetker/2054873
Vegetariska bitar Fryst 300g Quorn,"47,90 kr","0.3kg 159,67 kr/kg",97 kcal,405 kJ,1.6 g,0.3 g,4.2 g,0.3 g,5 g,14 g,0.64 g,,,,,,,,,,,,,,,https://handlaprivatkund.ica.se/stores/1004181/products/vegetariska-bitar-fryst-300g-quorn/1003593
Spenat- & ostknyten Fryst 400g ICA,"43,90 kr","0.4kg 109,75 kr/kg",,,,,,,,,,,,,,,,,,,,,,,,https://handlaprivatkund.ica.se/stores/1004181/products/spenat-ostknyten-fryst-400g-ica/1476643
Wallenbergare 420g Leif Mannerström,"51,00 kr","0.42kg 121,43 kr/kg",147 kcal,617 kJ,10 g,4.3 g,7.8 g,1.6 g,1.3 g,2.6 g,1 g,,,,,,,,,,,,,,,https://handlaprivatkund.ica.se/stores/1004181/products/wallenbergare-420g-leif-mannerstr%C3%B6m/2077921
Pizzarulle Mozzarella & Skinka 155g Grandiosa,"27,90 kr","0.155kg 180,00 kr/kg",221 kcal,924 kJ,8 g,3.3 g,26 g,1.9 g,,11 g,1.1 g,,,,,,,,,,,,,,,https://handlaprivatkund.ica.se/stores/1004181/products/pizzarulle-mozzarella-skinka-155g-grandiosa/2143256
Schnitzel med Emmentalerost Fryst 220g Quorn,"55,00 kr","0.22kg 250,00 kr/kg",237 kcal,989 kJ,12 g,3.3 g,18 g,0.5 g,4.2 g,13 g,1.2 g,,,,,,,,,,,,,,,https://handlaprivatkund.ica.se/stores/1004181/products/schnitzel-med-emmentalerost-fryst-220g-quorn/1446067
Lasagne Bolognese 400g ICA Basic,"30,90 kr","0.4kg 77,25 kr/kg",110 kcal,470 kJ,4.6 g,0.8 g,12 g,3.2 g,,5 g,0.8 g,,,,,,,,,,,,,,,https://handlaprivatkund.ica.se/stores/1004181/products/lasagne-bolognese-400g-ica-basic/2043900
Glass Magnum Mini Almond 6-p Magnum,"69,00 kr","6 per frp 11,50 kr/st",276 kcal,1154 kJ,17 g,10 g,26 g,24 g,,3.8 g,0.11 g,,,,,,,,,,,,,,,https://handlaprivatkund.ica.se/stores/1004181/products/glass-magnum-mini-almond-6-p-magnum/2131229
Laxfilé 3-pack 420g ICA,"139,00 kr","0.42kg 330,95 kr/kg",180 kcal,750 kJ,12 g,2.6 g,,,,18 g,,,,,,,,,,,,,,,,https://handlaprivatkund.ica.se/stores/1004181/products/laxfil%C3%A9-3-pack-420g-ica/2119277
Spicy Korean Rice Bowl 380g Felix,"66,00 kr","0.38kg 173,68 kr/kg",101 kcal,422 kJ,4.1 g,0.5 g,11 g,1.5 g,2.2 g,4.5 g,0.78 g,,,,,,,,,,,,,,,https://handlaprivatkund.ica.se/stores/1004181/products/spicy-korean-rice-bowl-380g-felix/2119847
Glass Chocolate Fudge Brownie 465ml Ben & Jerrys,"80,00 kr","0.465L 172,04 kr/l",218 kcal,914 kJ,11 g,6.8 g,25 g,23 g,,3.7 g,0.2 g,,,,,,,,,,,,,,,https://handlaprivatkund.ica.se/stores/1004181/products/glass-chocolate-fudge-brownie-465ml-ben-jerrys/2054662
Glass Klassikerlåda 18-pack GB Glace,"168,00 kr","1.413L 118,90 kr/l",,,,,,,,,,,,,,,,,,,,,,,,https://handlaprivatkund.ica.se/stores/1004181/products/glass-klassikerl%C3%A5da-18-pack-gb-glace/2035414
Extra allt capricciosa Minipizza Fryst 165g Grandiosa,"27,90 kr","0.165kg 169,09 kr/kg",230 kcal,950 kJ,8.9 g,4 g,24 g,1.8 g,,11 g,1.1 g,,,,,,,,,,,,,,,https://handlaprivatkund.ica.se/stores/1004181/products/extra-allt-capricciosa-minipizza-fryst-165g-grandiosa/1471161
Köttfärspaj Fryst 215g Felix,"40,90 kr","0.215kg 190,23 kr/kg",313 kcal,1311 kJ,21 g,11 g,20 g,1.8 g,,10 g,0.9 g,,,,,,,,,,,,,,,https://handlaprivatkund.ica.se/stores/1004181/products/k%C3%B6ttf%C3%A4rspaj-fryst-215g-felix/1453780
Vegetariska Dumplings Fryst 16st 320g ICA,"61,00 kr","0.32kg 190,63 kr/kg",150 kcal,600 kJ,2.3 g,0.5 g,25 g,3.3 g,,6.6 g,1.3 g,,,,,,,,,,,,,,,https://handlaprivatkund.ica.se/stores/1004181/products/vegetariska-dumplings-fryst-16st-320g-ica/1476959
Ostschnitzlar 600g Scan,"85,00 kr","0.6kg 141,67 kr/kg",270 kcal,1100 kJ,17 g,6.9 g,13 g,2.5 g,,15 g,1 g,,,,,,,,,,,,,,,https://handlaprivatkund.ica.se/stores/1004181/products/ostschnitzlar-600g-scan/2101401
Räkor Extra stora skalade Frysta 200g ICA,"65,00 kr","0.2kg 325,00 kr/kg",,,,,,,,,,,,,,,,,,,,,,,,https://handlaprivatkund.ica.se/stores/1004181/products/r%C3%A4kor-extra-stora-skalade-frysta-200g-ica/1513505
Vegetarisk färs Fryst 300g Quorn,"47,90 kr","0.3kg 159,67 kr/kg",92 kcal,384 kJ,1.7 g,0.5 g,2.3 g,0.1 g,7.5 g,13 g,0.14 g,,,,,,,,,,,,,,,https://handlaprivatkund.ica.se/stores/1004181/products/vegetarisk-f%C3%A4rs-fryst-300g-quorn/1003594
Twister 1-p GB Glace,"16,90 kr",,98 kcal,411 kJ,0.5 g,0.4 g,22 g,17 g,,0.5 g,0.03 g,,,,,,,,,,,,,,,https://handlaprivatkund.ica.se/stores/1004181/products/twister-1-p-gb-glace/2108936
Mango & hallon Fryst 250g ICA,"35,90 kr","0.25kg 143,60 kr/kg",97 kcal,409 kJ,0.3 g,0.5 g,21 g,9.9 g,4.3 g,0.9 g,0 g,,,,,,,,,,,,,,,https://handlaprivatkund.ica.se/stores/1004181/products/mango-hallon-fryst-250g-ica/1352069
Chicken Green Curry 350g Dafgård,"51,00 kr","0.35kg 145,71 kr/kg",149 kcal,623 kJ,5.6 g,4 g,17 g,2.1 g,1 g,6.3 g,0.88 g,,,,,,,,,,,,,,,https://handlaprivatkund.ica.se/stores/1004181/products/chicken-green-curry-350g-dafg%C3%A5rd/2077935
Gräddglass Vår finaste Salt Karamell 500ml SIA GLASS,"63,00 kr","0.5L 126,00 kr/l",260 kcal,1100 kJ,14 g,9.1 g,30 g,27 g,0 g,3.4 g,0.4 g,0 g,0 µg,0 µg,0 µg,0 µg,,,,,,,,,,https://handlaprivatkund.ica.se/stores/1004181/products/gr%C3%A4ddglass-v%C3%A5r-finaste-salt-karamell-500ml-sia-glass/2067317
Hallon Fryst 1kg ICA Basic,"89,00 kr","1kg 89,00 kr/kg",,,,,,,,,,,,,,,,,,,,,,,,https://handlaprivatkund.ica.se/stores/1004181/products/hallon-fryst-1kg-ica-basic/1461146
Filled Crêpes Mediterranean 240gg Findus,"46,90 kr","0.24kg 195,42 kr/kg",194 kcal,810 kJ,8.9 g,1 g,23 g,4.8 g,2.3 g,4.2 g,1 g,,,,,,,,,,,,,,,https://handlaprivatkund.ica.se/stores/1004181/products/filled-cr%C3%AApes-mediterranean-240gg-findus/2155550
Grovt Surdegsbröd Fryst Glutenfri 500g Fria,"61,00 kr","0.5kg 122,00 kr/kg",300 kcal,1250 kJ,13 g,1.6 g,35 g,4.6 g,11.5 g,6.1 g,1.3 g,,,,,,,,,,,,,,,https://handlaprivatkund.ica.se/stores/1004181/products/grovt-surdegsbr%C3%B6d-fryst-glutenfri-500g-fria/2005000
Pommes frites Fryst 900g Felix,"38,90 kr","0.9kg 43,22 kr/kg",131 kcal,548 kJ,6.1 g,0.5 g,16 g,0.5 g,,1.7 g,0 g,,,,,,,,,,,,,,,https://handlaprivatkund.ica.se/stores/1004181/products/pommes-frites-fryst-900g-felix/1258982
Angusbiff 380g Findus,"44,90 kr","0.38kg 118,16 kr/kg",128 kcal,533 kJ,6.4 g,2.1 g,12 g,2.7 g,2.2 g,4.4 g,0.52 g,,,,,,,,,,,,,,,https://handlaprivatkund.ica.se/stores/1004181/products/angusbiff-380g-findus/2108490
Pizza Tradizionale Pancetta Delicata Fryst 390g Dr. Oetker,"60,00 kr","0.39kg 153,85 kr/kg",243 kcal,1019 kJ,9.4 g,4 g,29 g,3.4 g,1.8 g,9.5 g,1.1 g,,,,,,,,,,,,,,,https://handlaprivatkund.ica.se/stores/1004181/products/pizza-tradizionale-pancetta-delicata-fryst-390g-dr-oetker/2093801
Lasagne Green Dream 390g Dafgård,"48,90 kr","0.39kg 125,38 kr/kg",164 kcal,687 kJ,7.5 g,3.9 g,19 g,3.4 g,1.1 g,5.1 g,0.85 g,,,,,,,,,,,,,,,https://handlaprivatkund.ica.se/stores/1004181/products/lasagne-green-dream-390g-dafg%C3%A5rd/2143255
Pasta Fisk & skaldjursås Måltid Fryst 340g ICA,"42,90 kr","0.34kg 126,18 kr/kg",,,,,,,,,,,,,,,,,,,,,,,,https://handlaprivatkund.ica.se/stores/1004181/products/pasta-fisk-skaldjurs%C3%A5s-m%C3%A5ltid-fryst-340g-ica/1393893
Panpizza Peperoni Fryst 170g Billys,"18,90 kr","0.17kg 111,18 kr/kg",245 kcal,1024 kJ,10 g,4.3 g,26 g,1.9 g,1.5 g,11 g,1.3 g,,,,,,,,,,,,,,,https://handlaprivatkund.ica.se/stores/1004181/products/panpizza-peperoni-fryst-170g-billys/1006346
Chokladfondant Fryst 2-p 140g ICA,"44,90 kr","0.14kg 320,71 kr/kg",,,,,,,,,,,,,,,,,,,,,,,,https://handlaprivatkund.ica.se/stores/1004181/products/chokladfondant-fryst-2-p-140g-ica/1527690
Växtbaserade Krispiga Nuggets 400g Felix,"52,00 kr","0.4kg 130,00 kr/kg",261 kcal,1090 kJ,11 g,0.8 g,35 g,5.8 g,2 g,5.8 g,1.3 g,,,,,,,,,,,,,,,https://handlaprivatkund.ica.se/stores/1004181/products/v%C3%A4xtbaserade-krispiga-nuggets-400g-felix/2131021
Ugnsgrönsaker Andalusian Style 500g Findus,"46,90 kr","0.5kg 93,80 kr/kg",68 kcal,286 kJ,2.2 g,0.2 g,9.3 g,2.2 g,2.6 g,1.5 g,0.47 g,,,,,,221 µg,,,,,,,,,https://handlaprivatkund.ica.se/stores/1004181/products/ugnsgr%C3%B6nsaker-andalusian-style-500g-findus/2145776
Wok Kyckling spicy sesame Fryst 320g ICA,"43,90 kr","0.32kg 137,19 kr/kg",130 kcal,550 kJ,2.8 g,0.6 g,18 g,6 g,1.8 g,6.3 g,0.8 g,,,,,,,,,,,,,,,https://handlaprivatkund.ica.se/stores/1004181/products/wok-kyckling-spicy-sesame-fryst-320g-ica/1490118
Lasagne Grönsaker Fryst 375g ICA,"36,90 kr","0.375kg 98,40 kr/kg",,,,,,,,,,,,,,,,,,,,,,,,https://handlaprivatkund.ica.se/stores/1004181/products/lasagne-gr%C3%B6nsaker-fryst-375g-ica/2043898
"Glass Magnum mini Classic, Almond, White chocolate 6-p Magnum","69,00 kr","6 per frp 11,50 kr/st",,,,,,,,,,,,,,,,,,,,,,,,https://handlaprivatkund.ica.se/stores/1004181/products/glass-magnum-mini-classic-almond-white-chocolate-6-p-magnum/2131230
Filet Pieces 700g Hälsans Kök,"115,00 kr","0.7kg 164,29 kr/kg",151 kcal,631 kJ,4.7 g,0.4 g,1.2 g,0.1 g,5.9 g,22.5 g,1.4 g,,,,,,,,,,,,,,,https://handlaprivatkund.ica.se/stores/1004181/products/filet-pieces-700g-h%C3%A4lsans-k%C3%B6k/2094075
Broccoli Fryst 1kg ICA Basic,"38,90 kr","1kg 38,90 kr/kg",,,,,,,,,,,,,,,,,,,,,,,,https://handlaprivatkund.ica.se/stores/1004181/products/broccoli-fryst-1kg-ica-basic/1411049
Potatisbullar Fryst 810g Felix,"52,00 kr","0.81kg 64,20 kr/kg",161 kcal,673 kJ,7.9 g,0.5 g,20 g,0.5 g,,2.1 g,1 g,,,,,,,,,,,,,,,https://handlaprivatkund.ica.se/stores/1004181/products/potatisbullar-fryst-810g-felix/1006434
Köttbullar 750g ICA Basic,"61,00 kr","0.75kg 81,33 kr/kg",228 kcal,949 kJ,16 g,6.2 g,11 g,1 g,,10 g,1.4 g,,,,,,,,,,,,,,,https://handlaprivatkund.ica.se/stores/1004181/products/k%C3%B6ttbullar-750g-ica-basic/2141410
"Sorbet Hallon 0,5l Triumf Glass","24,90 kr","0.5L 49,80 kr/l",120 kcal,500 kJ,0.5 g,0.5 g,28 g,25 g,,0.5 g,0.01 g,,,,,,,,,,,,,,,https://handlaprivatkund.ica.se/stores/1004181/products/sorbet-hallon-0-5l-triumf-glass/1456572
Fish & Crisp Fish Fillets 6-p 600g Findus,"98,00 kr","0.6kg 163,33 kr/kg",207 kcal,866 kJ,9.5 g,0.7 g,19 g,0.5 g,0.6 g,11 g,0.74 g,,,,,,,,,,,,,,,https://handlaprivatkund.ica.se/stores/1004181/products/fish-crisp-fish-fillets-6-p-600g-findus/2144457
Pannkakor Fryst 800g Kungsörnen,"71,00 kr","0.8kg 88,75 kr/kg",183 kcal,765 kJ,8.2 g,2.2 g,21 g,3.5 g,1.2 g,5.6 g,0.73 g,,,,,,,,,,,,,,,https://handlaprivatkund.ica.se/stores/1004181/products/pannkakor-fryst-800g-kungs%C3%B6rnen/1343305
Chicken kebab Fryst 500g Guldfågeln,"51,00 kr","0.5kg 102,00 kr/kg",230 kcal,950 kJ,18 g,6 g,3 g,0.5 g,,14 g,1.4 g,,,,,,,,,,,,,,,https://handlaprivatkund.ica.se/stores/1004181/products/chicken-kebab-fryst-500g-guldf%C3%A5geln/1008730
Stuvad spenat 375g ICA,"21,90 kr","0.375kg 58,40 kr/kg",50 kcal,220 kJ,3.1 g,0.9 g,3.1 g,1.8 g,2.3 g,1.8 g,0.8 g,,,,,,,,,,,,,,,https://handlaprivatkund.ica.se/stores/1004181/products/stuvad-spenat-375g-ica/1399141
Glass Magnum Euphoria 90ml Magnum,"34,90 kr",,240 kcal,1002 kJ,14 g,9.1 g,26 g,22 g,,2.9 g,0.11 g,,,,,,,,,,,,,,,https://handlaprivatkund.ica.se/stores/1004181/products/glass-magnum-euphoria-90ml-magnum/2130095
Glass Favorites Daim 825ml GB Glace,"47,90 kr","0.825L 58,06 kr/l",239 kcal,999 kJ,11 g,8.1 g,32 g,27 g,,2.5 g,0.24 g,,,,,,,,,,,,,,,https://handlaprivatkund.ica.se/stores/1004181/products/glass-favorites-daim-825ml-gb-glace/2130396
Big pack Tresmak 2l GB Glace,"38,90 kr","2L 19,45 kr/l",179 kcal,749 kJ,6.2 g,5.6 g,30 g,20 g,,0.6 g,0.11 g,,,,,,,,,,,,,,,https://handlaprivatkund.ica.se/stores/1004181/products/big-pack-tresmak-2l-gb-glace/2094199
Bärmix Fryst 1kg ICA Basic,"66,00 kr","1kg 66,00 kr/kg",35 kcal,146 kJ,0.5 g,0 g,5.6 g,4.8 g,3.5 g,0.9 g,0 g,,,,,,,,,,,,,,,https://handlaprivatkund.ica.se/stores/1004181/products/b%C3%A4rmix-fryst-1kg-ica-basic/1411058
Pizza Pockets Tre Ostar 2-p 250g Findus,"39,90 kr","0.25kg 159,60 kr/kg",260 kcal,1092 kJ,9.1 g,4 g,35 g,3.2 g,2.9 g,11 g,0.89 g,,,,,,,,,,,,,,,https://handlaprivatkund.ica.se/stores/1004181/products/pizza-pockets-tre-ostar-2-p-250g-findus/2144455
Crispy kycklingburgare Fryst 440g Max,"76,00 kr","0.44kg 172,73 kr/kg",200 kcal,800 kJ,9.4 g,1.2 g,14 g,1.2 g,1.6 g,13 g,1.8 g,,,,,,,,,,,,,,,https://handlaprivatkund.ica.se/stores/1004181/products/crispy-kycklingburgare-fryst-440g-max/1475813
Fish & Crisp Gourmetfiléer 480g Findus,"75,00 kr","0.48kg 156,25 kr/kg",216 kcal,905 kJ,11 g,0.8 g,17 g,0.5 g,0.6 g,12 g,0.73 g,,,,,,,,,,,,,,,https://handlaprivatkund.ica.se/stores/1004181/products/fish-crisp-gourmetfil%C3%A9er-480g-findus/2130356
Potatisklyftor med skal Fryst 800g ICA,"32,90 kr","0.8kg 41,13 kr/kg",120 kcal,500 kJ,2.3 g,0.5 g,23 g,0.5 g,2.6 g,2.2 g,0.1 g,,,,,,,,,,,,,,,https://handlaprivatkund.ica.se/stores/1004181/products/potatisklyftor-med-skal-fryst-800g-ica/1365757
Nötköttbulle Fryst Ekologisk 400g KRAV Scan,"62,00 kr","0.4kg 155,00 kr/kg",220 kcal,950 kJ,15 g,7.5 g,10 g,1.7 g,,12 g,1.7 g,,,,,,,,,,,,,,,https://handlaprivatkund.ica.se/stores/1004181/products/n%C3%B6tk%C3%B6ttbulle-fryst-ekologisk-400g-krav-scan/2033538
Paj Veggie Mozzarella Körsbärstomat 210g Felix,"40,90 kr","0.21kg 194,76 kr/kg",273 kcal,1144 kJ,18 g,9.8 g,19 g,2.2 g,1.3 g,8 g,0.75 g,,,,,,,,,,,,,,,https://handlaprivatkund.ica.se/stores/1004181/products/paj-veggie-mozzarella-k%C3%B6rsb%C3%A4rstomat-210g-felix/2025275
Köttbullar Delikatess Frysta 450g ICA,"56,00 kr","0.45kg 124,44 kr/kg",250 kcal,1050 kJ,18 g,7 g,9 g,1.8 g,,12 g,1.5 g,,,,,,,,,,,,,,,https://handlaprivatkund.ica.se/stores/1004181/products/k%C3%B6ttbullar-delikatess-frysta-450g-ica/2021330
Somun Bröd Fryst 400g Plivit,"21,90 kr","0.4kg 54,75 kr/kg",237 kcal,994 kJ,1.9 g,0.19 g,50.16 g,0.88 g,2.11 g,6.28 g,1.08 g,,,,,,,,,,,,,,,https://handlaprivatkund.ica.se/stores/1004181/products/somun-br%C3%B6d-fryst-400g-plivit/1333596
Glass Nougat 500ml GB Gräddglass,"18,90 kr","0.5L 37,80 kr/l",124 kcal,519 kJ,6.1 g,2.3 g,15 g,13 g,,1.6 g,0.06 g,,,,,,,,,,,,,,,https://handlaprivatkund.ica.se/stores/1004181/products/glass-nougat-500ml-gb-gr%C3%A4ddglass/2067299
Stenugnsbakad pizza Kebab Fryst 380g ICA,"41,90 kr","0.38kg 110,26 kr/kg",204 kcal,857 kJ,6.8 g,2.6 g,26 g,4.4 g,2.3 g,8.9 g,1.2 g,,,,,,,,,,,,,,,https://handlaprivatkund.ica.se/stores/1004181/products/stenugnsbakad-pizza-kebab-fryst-380g-ica/1238175
Pizza Vesuvio 500g Tony´s pizza,"72,00 kr","0.5kg 144,00 kr/kg",231 kcal,970 kJ,9 g,4.7 g,27 g,1.1 g,2 g,9.5 g,2 g,,,,,,,,,,,,,,,https://handlaprivatkund.ica.se/stores/1004181/products/pizza-vesuvio-500g-tony-s-pizza/2142934
Rustica 4 sorters ost 555g Dr.Oetker,"74,00 kr","0.555kg 133,33 kr/kg",249 kcal,1045 kJ,9.2 g,5.9 g,28 g,2.9 g,,12 g,1.1 g,,,,,,,,,,,,,,,https://handlaprivatkund.ica.se/stores/1004181/products/rustica-4-sorters-ost-555g-dr-oetker/1509702
Skaldjurssoppa 350g Felix,"36,90 kr","0.35kg 105,43 kr/kg",59 kcal,246 kJ,3.2 g,2 g,5.2 g,1.6 g,,1.7 g,0.8 g,,,,,,,,,,,,,,,https://handlaprivatkund.ica.se/stores/1004181/products/skaldjurssoppa-350g-felix/1487590
Plommonjärpar 420g Dafgård,"51,00 kr","0.42kg 121,43 kr/kg",130 kcal,543 kJ,7.6 g,3.3 g,10 g,1.8 g,1.4 g,4.4 g,0.87 g,,,,,,,,,,,,,,,https://handlaprivatkund.ica.se/stores/1004181/products/plommonj%C3%A4rpar-420g-dafg%C3%A5rd/2101431
Vitlök finhackad fryst 45g ICA,"15,90 kr","0.045kg 353,33 kr/kg",154 kcal,644 kJ,4.5 g,0.6 g,21 g,1.2 g,5.1 g,5 g,0.02 g,,,,,,,,,,,,,,,https://handlaprivatkund.ica.se/stores/1004181/products/vitl%C3%B6k-finhackad-fryst-45g-ica/2138904
Kycklingfilé Fryst 1kg Kronfågel,"121,00 kr","1kg 121,00 kr/kg",90 kcal,400 kJ,1.5 g,0.5 g,0.5 g,0.5 g,,19 g,0.6 g,,,,,,,,,,,,,,,https://handlaprivatkund.ica.se/stores/1004181/products/kycklingfil%C3%A9-fryst-1kg-kronf%C3%A5gel/1209917
Kycklingkebab 600g ICA Basic,"72,00 kr","0.6kg 120,00 kr/kg",140 kcal,600 kJ,5 g,1.2 g,4.9 g,0 g,,18 g,1.7 g,,,,,,,,,,,,,,,https://handlaprivatkund.ica.se/stores/1004181/products/kycklingkebab-600g-ica-basic/2076266
Kebabpizza 500g Tony´s pizza,"72,00 kr","0.5kg 144,00 kr/kg",259 kcal,1080 kJ,8.8 g,4.5 g,32.2 g,3.3 g,1.79 g,11.6 g,1.2 g,,,,,,,,,,,,,,,https://handlaprivatkund.ica.se/stores/1004181/products/kebabpizza-500g-tony-s-pizza/2108384
Grekisk färsbiff 380g Dafgårds,"41,90 kr","0.38kg 110,26 kr/kg",141 kcal,590 kJ,6.3 g,2.6 g,15 g,1.5 g,1.4 g,4.7 g,0.96 g,,,,,,,,,,,,,,,https://handlaprivatkund.ica.se/stores/1004181/products/grekisk-f%C3%A4rsbiff-380g-dafg%C3%A5rds/2154138
Vegoburgare Glutenfri Fryst 880g Anamma,"114,00 kr","0.88kg 129,55 kr/kg",162 kcal,680 kJ,10 g,0.8 g,2 g,0.4 g,5.4 g,14 g,0.88 g,,,,,,,,,,,,,,,https://handlaprivatkund.ica.se/stores/1004181/products/vegoburgare-glutenfri-fryst-880g-anamma/2011341
Vårrulle vegetarisk Fryst 400g ICA,"61,00 kr","0.4kg 152,50 kr/kg",240 kcal,1000 kJ,13 g,0.9 g,28 g,4.6 g,,3.6 g,1.3 g,,,,,,,,,,,,,,,https://handlaprivatkund.ica.se/stores/1004181/products/v%C3%A5rrulle-vegetarisk-fryst-400g-ica/1499873
Krämig korvstroganoff 380g Felix,"63,00 kr","0.38kg 165,79 kr/kg",106 kcal,444 kJ,4.5 g,2.4 g,13 g,2.2 g,,3.3 g,1 g,,,,,,,,,,,,,,,https://handlaprivatkund.ica.se/stores/1004181/products/kr%C3%A4mig-korvstroganoff-380g-felix/2154603
Caramel Brownie Party 465ml Ben & Jerrys,"80,00 kr","0.465L 172,04 kr/l",228 kcal,956 kJ,12 g,7.4 g,27 g,23 g,,3.5 g,0.38 g,,,,,,,,,,,,,,,https://handlaprivatkund.ica.se/stores/1004181/products/caramel-brownie-party-465ml-ben-jerrys/2094158
Glass Pirulo Watermelon 1-p Nestle,"20,90 kr",,88 kcal,372 kJ,0.5 g,0.2 g,21 g,16 g,0.5 g,0.5 g,0.01 g,,,,,,,,,,,,,,,https://handlaprivatkund.ica.se/stores/1004181/products/glass-pirulo-watermelon-1-p-nestle/2014821
Hackad spenat Fryst 600g ICA,"26,90 kr","0.6kg 44,83 kr/kg",,,,,,,,,,,,,,,,,,,,,,,,https://handlaprivatkund.ica.se/stores/1004181/products/hackad-spenat-fryst-600g-ica/1008826
Gräddglass Vanilj Laktosfri 750ml Sia Glass,"47,90 kr","0.75L 63,87 kr/l",210 kcal,850 kJ,10 g,6.7 g,23 g,23 g,0.5 g,4.6 g,0.1 g,,0 µg,0 µg,0 µg,0 µg,,,,,,,,,,https://handlaprivatkund.ica.se/stores/1004181/products/gr%C3%A4ddglass-vanilj-laktosfri-750ml-sia-glass/2077528
Dansk Sjömansbiff 420g Dafgårds,"51,00 kr","0.42kg 121,43 kr/kg",94 kcal,393 kJ,7.8 g,2.2 g,8.5 g,1.9 g,1.2 g,4.3 g,0.99 g,,,,,,,,,,,,,,,https://handlaprivatkund.ica.se/stores/1004181/products/dansk-sj%C3%B6mansbiff-420g-dafg%C3%A5rds/2154140
Pasta Pomodoro Ricotta 380g Felix,"63,00 kr","0.38kg 165,79 kr/kg",114 kcal,478 kJ,3.2 g,0.9 g,17 g,2.9 g,,3.8 g,0.78 g,,,,,,,,,,,,,,,https://handlaprivatkund.ica.se/stores/1004181/products/pasta-pomodoro-ricotta-380g-felix/2143251
Sockerärtor Fryst 600g ICA,"52,00 kr","0.6kg 86,67 kr/kg",,,,,,,,,,,,,,,,,,,,,,,,https://handlaprivatkund.ica.se/stores/1004181/products/socker%C3%A4rtor-fryst-600g-ica/1335153
Glasspinne Exotic 90ml Solero,"27,90 kr",,108 kcal,453 kJ,2.6 g,2.1 g,19 g,13 g,,1.2 g,0.06 g,,,,,,,,,,,,,,,https://handlaprivatkund.ica.se/stores/1004181/products/glasspinne-exotic-90ml-solero/2077330
Glass Bonbon Gold Billionaire 204 Milliliter Magnum,"64,00 kr","0.204L 313,73 kr/l",356 kcal,1489 kJ,20 g,12 g,39 g,33 g,0.5 g,5.2 g,0.45 g,,,,,,,,,,,,,,,https://handlaprivatkund.ica.se/stores/1004181/products/glass-bonbon-gold-billionaire-204-milliliter-magnum/2143315
Glasstrut Daim1-p GB Glass,"33,90 kr",,217 kcal,908 kJ,13 g,8.7 g,24 g,18 g,,2.2 g,0.19 g,,,,,,,,,,,,,,,https://handlaprivatkund.ica.se/stores/1004181/products/glasstrut-daim1-p-gb-glass/2054697
Raggmunk Fryst 720g Kungsörnen,"71,00 kr","0.72kg 98,61 kr/kg",147 kcal,614 kJ,5.5 g,0.7 g,19 g,1.6 g,2 g,3.9 g,0.94 g,,,,,,,,,,,,,,,https://handlaprivatkund.ica.se/stores/1004181/products/raggmunk-fryst-720g-kungs%C3%B6rnen/1338517
Chicken Panang 350g Dafgård,"51,00 kr","0.35kg 145,71 kr/kg",156 kcal,655 kJ,6.7 g,4.7 g,17 g,2.8 g,1.1 g,6.4 g,0.68 g,,,,,,,,,,,,,,,https://handlaprivatkund.ica.se/stores/1004181/products/chicken-panang-350g-dafg%C3%A5rd/2077931
Kycklingbröstfilé 900g ICA Basic,"86,00 kr","0.9kg 95,56 kr/kg",95 kcal,400 kJ,1 g,0.3 g,0 g,0 g,,21 g,0.43 g,,,,,,,,,,,,,,,https://handlaprivatkund.ica.se/stores/1004181/products/kycklingbr%C3%B6stfil%C3%A9-900g-ica-basic/2038613
Leifs Köttfria Köttbullar 500g Dafgård,"62,00 kr","0.5kg 124,00 kr/kg",187 kcal,783 kJ,10 g,0.8 g,10 g,2.3 g,2.7 g,13 g,1.3 g,,,,,,,,,,,,,,,https://handlaprivatkund.ica.se/stores/1004181/products/leifs-k%C3%B6ttfria-k%C3%B6ttbullar-500g-dafg%C3%A5rd/2054893
Färsbiffar 340g Findus,"44,90 kr","0.34kg 132,06 kr/kg",180 kcal,750 kJ,12 g,4.9 g,12 g,1.6 g,2.6 g,4.8 g,0.73 g,,,,,,,,,,,,,,,https://handlaprivatkund.ica.se/stores/1004181/products/f%C3%A4rsbiffar-340g-findus/2108493
Gammaldags gräddglass Chokladkross 1.75L Triumf Glass,"39,00 kr","1.75L 22,29 kr/l",220 kcal,900 kJ,13 g,9 g,23 g,22 g,,3 g,0.18 g,,,,,,,,,,,,,,,https://handlaprivatkund.ica.se/stores/1004181/products/gammaldags-gr%C3%A4ddglass-chokladkross-1-75l-triumf-glass/2101621
Pad Thai Chicken Thai Cube 300g Kitchen Joy,"52,00 kr","0.3kg 173,33 kr/kg",137 kcal,580 kJ,2.3 g,0.6 g,23 g,8.7 g,1.2 g,5.9 g,1.1 g,,,,,,,,,,,,,,,https://handlaprivatkund.ica.se/stores/1004181/products/pad-thai-chicken-thai-cube-300g-kitchen-joy/2142773
Små Fina Nordiska Ärtor 250g Apetit,"19,90 kr","0.25kg 79,60 kr/kg",75 kcal,310 kJ,0.8 g,0.2 g,9.5 g,5.3 g,3.1 g,5.6 g,0 g,,,,,,,0 mg,,,,,,,,https://handlaprivatkund.ica.se/stores/1004181/products/sm%C3%A5-fina-nordiska-%C3%A4rtor-250g-apetit/2154804
Pasta Skinka & paprikasås Fryst 350g ICA,"48,90 kr","0.35kg 139,71 kr/kg",130 kcal,546 kJ,3.6 g,1.6 g,18 g,2.5 g,1.5 g,5.6 g,0.83 g,,,,,,,,,,,,,,,https://handlaprivatkund.ica.se/stores/1004181/products/pasta-skinka-paprikas%C3%A5s-fryst-350g-ica/1430238
Lasagne i ugn Fryst 1kg Familjen Dafgård,"77,00 kr","1kg 77,00 kr/kg",115 kcal,483 kJ,4.9 g,2.5 g,13 g,2 g,0.8 g,4.6 g,0.92 g,,,,,,,,,,,,,,,https://handlaprivatkund.ica.se/stores/1004181/products/lasagne-i-ugn-fryst-1kg-familjen-dafg%C3%A5rd/1006295
Stora räkor med skal 70-90st/kg Fryst 500g ICA,"94,00 kr","0.5kg 188,00 kr/kg",,,,,,,,,,,,,,,,,,,,,,,,https://handlaprivatkund.ica.se/stores/1004181/products/stora-r%C3%A4kor-med-skal-70-90st-kg-fryst-500g-ica/1026437
Farbror Arnes Kladdkaka 95ml Triumf Glass,"36,90 kr",,260 kcal,1090 kJ,14 g,8.3 g,30 g,23 g,,3.4 g,0.1 g,,,,,,,,,,,,,,,https://handlaprivatkund.ica.se/stores/1004181/products/farbror-arnes-kladdkaka-95ml-triumf-glass/2055079
Köttbullar Delikatess 450g Scan,"65,00 kr","0.45kg 144,44 kr/kg",220 kcal,900 kJ,15 g,6 g,8.5 g,1.5 g,,13 g,1.5 g,,,,,,,,,,,,,,,https://handlaprivatkund.ica.se/stores/1004181/products/k%C3%B6ttbullar-delikatess-450g-scan/2005005
Plant-based Schnitzel 720g Hälsans Kök,"107,00 kr","0.72kg 148,61 kr/kg",222 kcal,924 kJ,12 g,1.2 g,11.8 g,0.6 g,6.2 g,13.5 g,0.8 g,,,,,,,,,,,,,,,https://handlaprivatkund.ica.se/stores/1004181/products/plant-based-schnitzel-720g-h%C3%A4lsans-k%C3%B6k/2101404
Sojafärs Fryst 750g ICA,"75,00 kr","0.75kg 100,00 kr/kg",186 kcal,776 kJ,9.7 g,0.6 g,7.1 g,2.3 g,5.2 g,15 g,1.1 g,,,,,,,,,,,,,,,https://handlaprivatkund.ica.se/stores/1004181/products/sojaf%C3%A4rs-fryst-750g-ica/2038071
Vegetariska sojafiléer OVO Fryst 300g Hälsans Kök,"53,00 kr","0.3kg 176,67 kr/kg",148 kcal,623 kJ,4 g,0.5 g,9.4 g,2.7 g,5.8 g,15.8 g,1.3 g,,,,,,,,,,,,,,,https://handlaprivatkund.ica.se/stores/1004181/products/vegetariska-sojafil%C3%A9er-ovo-fryst-300g-h%C3%A4lsans-k%C3%B6k/1330343
Big pack Vanilj 2l GB Glace,"38,90 kr","2L 19,45 kr/l",179 kcal,747 kJ,6.2 g,5.6 g,30 g,20 g,,0.6 g,0.11 g,,,,,,,,,,,,,,,https://handlaprivatkund.ica.se/stores/1004181/products/big-pack-vanilj-2l-gb-glace/2094200
Vegofärs Glutenfri Fryst 1kg Anamma,"114,00 kr","1kg 114,00 kr/kg",171 kcal,715 kJ,9.5 g,0.7 g,1.8 g,0.9 g,5.5 g,17 g,0.7 g,,,,,,,,,,,,,,,https://handlaprivatkund.ica.se/stores/1004181/products/vegof%C3%A4rs-glutenfri-fryst-1kg-anamma/2011324
Kycklingpaj 240 g Familjen Dafgård,"40,90 kr","0.24kg 170,42 kr/kg",262 kcal,1095 kJ,16 g,8 g,18 g,2.3 g,1.2 g,10 g,1.2 g,,,,,,,,,,,,,,,https://handlaprivatkund.ica.se/stores/1004181/products/kycklingpaj-240-g-familjen-dafg%C3%A5rd/1521008
Panpizza Kebab Fryst 170g Billys,"18,90 kr","0.17kg 111,18 kr/kg",239 kcal,999 kJ,9.2 g,3.6 g,28 g,1.4 g,1.5 g,10 g,1 g,,,,,,,,,,,,,,,https://handlaprivatkund.ica.se/stores/1004181/products/panpizza-kebab-fryst-170g-billys/1006722
Mandeltårta Daim Glutenfri Fryst 400g Almondy,"75,00 kr","0.4kg 187,50 kr/kg",,,,,,,,,,,,,,,,,,,,,,,,https://handlaprivatkund.ica.se/stores/1004181/products/mandelt%C3%A5rta-daim-glutenfri-fryst-400g-almondy/1008874
Basilika Finhackad Fryst 40g ICA,"14,90 kr","0.04kg 372,50 kr/kg",40 kcal,150 kJ,0.5 g,0 g,2.6 g,0.5 g,4.5 g,3.5 g,0.1 g,,,,,,,,,,,,,,,https://handlaprivatkund.ica.se/stores/1004181/products/basilika-finhackad-fryst-40g-ica/1475149
Gräddglass Salt Karamell 500ml Triumf Glass,"24,90 kr","0.5L 49,80 kr/l",200 kcal,850 kJ,10 g,6.7 g,25 g,23 g,,2.9 g,0.33 g,,,,,,,,,,,,,,,https://handlaprivatkund.ica.se/stores/1004181/products/gr%C3%A4ddglass-salt-karamell-500ml-triumf-glass/2067319
Strutglass Salty Licorice 146ml GB Glace,"33,90 kr",,325 kcal,1356 kJ,18 g,13 g,38 g,24 g,,2.7 g,0.23 g,,,,,,,,,,,,,,,https://handlaprivatkund.ica.se/stores/1004181/products/strutglass-salty-licorice-146ml-gb-glace/2093676
Pan Pizza Capricciosa 170g Billys,"18,90 kr","0.17kg 111,18 kr/kg",233 kcal,976 kJ,8.9 g,3.6 g,27 g,1.5 g,1.6 g,10 g,0.89 g,,,,,,,,,,,,,,,https://handlaprivatkund.ica.se/stores/1004181/products/pan-pizza-capricciosa-170g-billys/2054952
Glass Duo Vanilj/Jordgubb 8-p Triumf Glass,"52,00 kr","8 per frp 6,50 kr/st",300 kcal,1250 kJ,19 g,14 g,29 g,25 g,,3.5 g,0.13 g,,,,,,,,,,,,,,,https://handlaprivatkund.ica.se/stores/1004181/products/glass-duo-vanilj-jordgubb-8-p-triumf-glass/2154443
Angusbiff 380g Dafgård,"41,90 kr","0.38kg 110,26 kr/kg",142 kcal,596 kJ,9.1 g,3.6 g,10 g,3.7 g,1.2 g,4.6 g,1 g,,,,,,,,,,,,,,,https://handlaprivatkund.ica.se/stores/1004181/products/angusbiff-380g-dafg%C3%A5rd/2093866
Oxjärpar 400g Findus,"44,90 kr","0.4kg 112,25 kr/kg",137 kcal,574 kJ,7.3 g,1.8 g,12 g,2.9 g,1.8 g,5 g,0.91 g,,,,,,,,,,,,,,,https://handlaprivatkund.ica.se/stores/1004181/products/oxj%C3%A4rpar-400g-findus/2144454
Gräddglass Vanilj Ekologisk 750ml Sia Glass,"47,90 kr","0.75L 63,87 kr/l",240 kcal,1000 kJ,16 g,10 g,21 g,21 g,0 g,3 g,0.1 g,0 g,0 µg,0 µg,0 µg,0 µg,,,,,,,,,,https://handlaprivatkund.ica.se/stores/1004181/products/gr%C3%A4ddglass-vanilj-ekologisk-750ml-sia-glass/2077526
Glasspinne Mini mumsbit Mandel & choklad 12-p 420g ICA,"61,00 kr","12 per frp 5,08 kr/st",339 kcal,1413 kJ,22 g,15 g,31 g,31 g,,4 g,0.2 g,,,,,,,,,,,,,,,https://handlaprivatkund.ica.se/stores/1004181/products/glasspinne-mini-mumsbit-mandel-choklad-12-p-420g-ica/1385138
Ostbitar Camembert bites Fryst 220g Lindströms Bites,"38,90 kr","0.22kg 176,82 kr/kg",286 kcal,1206 kJ,14 g,8 g,29 g,1 g,,12 g,2.4 g,,,,,,,,,,,,,,,https://handlaprivatkund.ica.se/stores/1004181/products/ostbitar-camembert-bites-fryst-220g-lindstr%C3%B6ms-bites/2018373
Smördegsplattor 450g ICA,"41,90 kr","0.45kg 93,11 kr/kg",365 kcal,1524 kJ,21 g,15 g,37 g,2.2 g,2.6 g,5.7 g,0.9 g,,,,,,,,,,,,,,,https://handlaprivatkund.ica.se/stores/1004181/products/sm%C3%B6rdegsplattor-450g-ica/2138907
Thai Cube Sweet chili chicken 350g Kitchen Joy,"52,00 kr","0.35kg 148,57 kr/kg",144 kcal,609 kJ,0.7 g,0.2 g,28 g,11 g,0.9 g,5.9 g,0.9 g,,,,,,,,,,,,,,,https://handlaprivatkund.ica.se/stores/1004181/products/thai-cube-sweet-chili-chicken-350g-kitchen-joy/2050239
Extra allt kebab Minipizza Fryst 165g Grandiosa,"27,90 kr","0.165kg 169,09 kr/kg",225 kcal,941 kJ,9.3 g,3.9 g,25 g,2.2 g,,9.1 g,1.1 g,,,,,,,,,,,,,,,https://handlaprivatkund.ica.se/stores/1004181/products/extra-allt-kebab-minipizza-fryst-165g-grandiosa/1471159
Lasagne Bolognese 375 g ICA,"36,90 kr","0.375kg 98,40 kr/kg",133 kcal,558 kJ,5.9 g,1.8 g,12 g,2.6 g,1.4 g,7.7 g,0.6 g,,,,,,,,,,,,,,,https://handlaprivatkund.ica.se/stores/1004181/products/lasagne-bolognese-375-g-ica/2088711
Pirog Original 140g Gorbys,"17,90 kr","0.14kg 127,86 kr/kg",261 kcal,1091 kJ,9 g,2.3 g,35 g,3.5 g,2.4 g,8.4 g,0.88 g,,,,,,,,,,,,,,,https://handlaprivatkund.ica.se/stores/1004181/products/pirog-original-140g-gorbys/2093747
Fryspizza Vego TexMex 190g Anamma,"27,90 kr","0.19kg 146,84 kr/kg",217 kcal,906 kJ,6.9 g,2.3 g,31 g,2.9 g,,6.4 g,1 g,,,,,,,,,,,,,,,https://handlaprivatkund.ica.se/stores/1004181/products/fryspizza-vego-texmex-190g-anamma/2045787
Wokmix Fryst Ekologisk 500g ICA eco,"37,90 kr","0.5kg 75,80 kr/kg",,,,,,,,,,,,,,,,,,,,,,,,https://handlaprivatkund.ica.se/stores/1004181/products/wokmix-fryst-ekologisk-500g-ica-eco/1521103
Pizza Vinnande Väsuviå 320g Grandiosa,"65,00 kr","0.32kg 203,13 kr/kg",210 kcal,878 kJ,7.6 g,3.8 g,24 g,2.4 g,,11 g,1 g,,,,,,,,,,,,,,,https://handlaprivatkund.ica.se/stores/1004181/products/pizza-vinnande-v%C3%A4suvi%C3%A5-320g-grandiosa/2119835
Köttbullar med mos 400g Findus,"44,90 kr","0.4kg 112,25 kr/kg",154 kcal,645 kJ,7.4 g,2.6 g,16 g,5.3 g,1.6 g,5.1 g,0.86 g,,,,,,,,,,,,,,,https://handlaprivatkund.ica.se/stores/1004181/products/k%C3%B6ttbullar-med-mos-400g-findus/2108492
Glass Cookie Dough Peaces 160ml Ben & Jerrys,"72,00 kr","0.16L 450,00 kr/l",380 kcal,1589 kJ,24 g,10 g,37 g,29 g,,4.1 g,0.35 g,,,,,,,,,,,,,,,https://handlaprivatkund.ica.se/stores/1004181/products/glass-cookie-dough-peaces-160ml-ben-jerrys/2143311
Västerbottensost®paj 210g Felix,"40,90 kr","0.21kg 194,76 kr/kg",296 kcal,1236 kJ,21 g,12 g,16 g,1.6 g,,11 g,0.85 g,,,,,,,,,,,,,,,https://handlaprivatkund.ica.se/stores/1004181/products/v%C3%A4sterbottensost-paj-210g-felix/2142916
Glass Farbror Arnes Lemon Curd 1p Triumf Glass,"36,90 kr",,320 kcal,1300 kJ,18 g,11 g,34 g,28 g,,3.8 g,0.13 g,,,,,,,,,,,,,,,https://handlaprivatkund.ica.se/stores/1004181/products/glass-farbror-arnes-lemon-curd-1p-triumf-glass/2130228
Pippi Krumelurglass 6-p SIA Glass,"59,00 kr","6 per frp 9,83 kr/st",230 kcal,950 kJ,13 g,8.6 g,24 g,23 g,0 g,3.8 g,0.1 g,0 g,0 µg,0 µg,0 µg,0 µg,,,,,,,,,,https://handlaprivatkund.ica.se/stores/1004181/products/pippi-krumelurglass-6-p-sia-glass/2154434
Rostad Kyckling 390g Findus,"44,90 kr","0.39kg 115,13 kr/kg",117 kcal,488 kJ,4.7 g,2 g,11 g,2.1 g,2.5 g,6.3 g,0.75 g,,,,,,,,,,,,,,,https://handlaprivatkund.ica.se/stores/1004181/products/rostad-kyckling-390g-findus/2108491
Kyckling Jacob 410g Dafgård,"41,90 kr","0.41kg 102,20 kr/kg",127 kcal,531 kJ,3 g,2 g,17 g,3 g,1.3 g,5.9 g,0.98 g,,,,,,,,,,,,,,,https://handlaprivatkund.ica.se/stores/1004181/products/kyckling-jacob-410g-dafg%C3%A5rd/2093863
Glass F A Kanelbulle 1-p Triumf Glass,"36,90 kr",,350 kcal,1500 kJ,20 g,12 g,38 g,30 g,,3.8 g,0.19 g,,,,,,,,,,,,,,,https://handlaprivatkund.ica.se/stores/1004181/products/glass-f-a-kanelbulle-1-p-triumf-glass/2154463
Fryspizza Vesuvio 190g Anamma,"27,90 kr","0.19kg 146,84 kr/kg",218 kcal,913 kJ,7.3 g,2.6 g,31 g,2.4 g,,6.5 g,1 g,,,,,,,,,,,,,,,https://handlaprivatkund.ica.se/stores/1004181/products/fryspizza-vesuvio-190g-anamma/2045785
Fiskgratäng Räk & dillsås Fryst 600g Findus,"67,00 kr","0.6kg 111,67 kr/kg",108 kcal,455 kJ,3.5 g,1.2 g,12 g,1.9 g,0.7 g,6.8 g,0.93 g,,,,,,,,,,,,,,,https://handlaprivatkund.ica.se/stores/1004181/products/fiskgrat%C3%A4ng-r%C3%A4k-dills%C3%A5s-fryst-600g-findus/1006436
Köttbullar 750g ICA Basic,"56,00 kr","0.75kg 74,67 kr/kg",240 kcal,1000 kJ,17 g,7 g,11 g,1.8 g,,11 g,1.7 g,,,,,,,,,,,,,,,https://handlaprivatkund.ica.se/stores/1004181/products/k%C3%B6ttbullar-750g-ica-basic/2119176
Vit tonfiskfilé Fryst 280g ICA,"93,00 kr","0.28kg 332,14 kr/kg",100 kcal,430 kJ,1 g,0.5 g,0 g,0 g,,23 g,0.1 g,,,,,,,,,,,,,,,https://handlaprivatkund.ica.se/stores/1004181/products/vit-tonfiskfil%C3%A9-fryst-280g-ica/1473290
Haricots verts Fryst 600g ICA,"33,90 kr","0.6kg 56,50 kr/kg",,,,,,,,,,,,,,,,,,,,,,,,https://handlaprivatkund.ica.se/stores/1004181/products/haricots-verts-fryst-600g-ica/1008825
Glass Bonbon Salted Caramel & Almond 204 Milliliter Magnum,"64,00 kr","0.204L 313,73 kr/l",360 kcal,1505 kJ,21 g,12 g,38 g,32 g,,4.9 g,0.35 g,,,,,,,,,,,,,,,https://handlaprivatkund.ica.se/stores/1004181/products/glass-bonbon-salted-caramel-almond-204-milliliter-magnum/2143314
Glass Marshmallow & S'more! 427ml Ben & Jerrys,"84,00 kr","0.427L 196,72 kr/l",254 kcal,1064 kJ,12 g,8 g,32 g,25 g,,3.8 g,0.26 g,,,,,,,,,,,,,,,https://handlaprivatkund.ica.se/stores/1004181/products/glass-marshmallow-s-more-427ml-ben-jerrys/2130364
Glasspinne Sitting Bull 8-p Triumf Glass,"52,00 kr","8 per frp 6,50 kr/st",330 kcal,1350 kJ,19 g,8.8 g,35 g,35 g,,2.2 g,0.15 g,,,,,,,,,,,,,,,https://handlaprivatkund.ica.se/stores/1004181/products/glasspinne-sitting-bull-8-p-triumf-glass/2086313
Chicken drumsticks BBQ Fryst 500g Guldfågeln,"51,00 kr","0.5kg 102,00 kr/kg",190 kcal,800 kJ,10 g,3.3 g,3 g,1.5 g,,21 g,1.6 g,,,,,,,,,,,,,,,https://handlaprivatkund.ica.se/stores/1004181/products/chicken-drumsticks-bbq-fryst-500g-guldf%C3%A5geln/1008755
Tigerräka Råa 400g Pandalus,"183,00 kr","0.4kg 457,50 kr/kg",52 kcal,261 kJ,0.11 g,0.04 g,0 g,0 g,0 g,15.1 g,0.3 g,,,,,,,,,,,,,,,https://handlaprivatkund.ica.se/stores/1004181/products/tigerr%C3%A4ka-r%C3%A5a-400g-pandalus/1509196
Mexikansk tacopaj Fryst 220g Felix,"40,90 kr","0.22kg 185,91 kr/kg",344 kcal,1441 kJ,25 g,14 g,21 g,2 g,,8.7 g,0.86 g,,,,,,,,,,,,,,,https://handlaprivatkund.ica.se/stores/1004181/products/mexikansk-tacopaj-fryst-220g-felix/1453778
Fish & Chips MSC 340 G Findus,"44,90 kr","0.34kg 132,06 kr/kg",197 kcal,823 kJ,11 g,1.8 g,18 g,1.3 g,2.7 g,5.2 g,0.53 g,,,,,,,,,,,,,,,https://handlaprivatkund.ica.se/stores/1004181/products/fish-chips-msc-340-g-findus/2130217
Isbollar i påse 12p Mr Iceman,"48,90 kr","12 per frp 4,07 kr/st",,,,,,,,,,,,,,,,,,,,,,,,https://handlaprivatkund.ica.se/stores/1004181/products/isbollar-i-p%C3%A5se-12p-mr-iceman/2154168
Extra allt Hawaii Fryst 350g Grandiosa,"60,00 kr","0.35kg 171,43 kr/kg",224 kcal,939 kJ,8.8 g,4.2 g,25 g,2.4 g,,11 g,1 g,,,,,,,,,,,,,,,https://handlaprivatkund.ica.se/stores/1004181/products/extra-allt-hawaii-fryst-350g-grandiosa/1384077
Svenska Jordgubbar Fryst 250g ICA,"32,90 kr","0.25kg 131,60 kr/kg",,,,,,,,,,,,,,,,,,,,,,,,https://handlaprivatkund.ica.se/stores/1004181/products/svenska-jordgubbar-fryst-250g-ica/1509353
Extra allt Mexicana Fryst 350g Grandiosa,"60,00 kr","0.35kg 171,43 kr/kg",260 kcal,1087 kJ,12 g,5.8 g,24 g,1.7 g,,12 g,1.1 g,,,,,,,,,,,,,,,https://handlaprivatkund.ica.se/stores/1004181/products/extra-allt-mexicana-fryst-350g-grandiosa/1347398
Halloumi Hotpot 370g Felix,"66,00 kr","0.37kg 178,38 kr/kg",139 kcal,583 kJ,6.2 g,5.2 g,15 g,1.4 g,2.7 g,4.6 g,0.69 g,,,,,,,,,,,,,,,https://handlaprivatkund.ica.se/stores/1004181/products/halloumi-hotpot-370g-felix/1509178
Extra allt calzone Ost & skinka Minipizza Fryst 165g Grandiosa,"27,90 kr","0.165kg 169,09 kr/kg",239 kcal,998 kJ,8.9 g,3.8 g,28 g,2.1 g,,11 g,1.2 g,,,,,,,,,,,,,,,https://handlaprivatkund.ica.se/stores/1004181/products/extra-allt-calzone-ost-skinka-minipizza-fryst-165g-grandiosa/1402645
Sandwiches 8-p vegansk 320g Valsoia,"61,00 kr","8 per frp 7,63 kr/st",286 kcal,1205 kJ,7.6 g,5.2 g,49 g,21 g,1.4 g,4.7 g,0.48 g,,,1.5 µg,,,,,120 mg,,,,,,,https://handlaprivatkund.ica.se/stores/1004181/products/sandwiches-8-p-vegansk-320g-valsoia/2094494
Brysselkål Fryst 550g ICA,"28,90 kr","0.55kg 52,55 kr/kg",,,,,,,,,,,,,,,,,,,,,,,,https://handlaprivatkund.ica.se/stores/1004181/products/brysselk%C3%A5l-fryst-550g-ica/1395123
Timjan & Vitlök chunk 280g Oumph,"55,00 kr","0.28kg 196,43 kr/kg",117 kcal,490 kJ,3.1 g,0.3 g,1.6 g,0.9 g,5.5 g,18 g,1.5 g,,,,30.4 µg,,,,,4.3 mg,,,,,,https://handlaprivatkund.ica.se/stores/1004181/products/timjan-vitl%C3%B6k-chunk-280g-oumph/2094011
Marsglass 6-p Mars,"69,00 kr","6 per frp 11,50 kr/st",266 kcal,1114 kJ,14 g,8.4 g,32 g,25 g,,3 g,0.19 g,,,,,,,,,,,,,,,https://handlaprivatkund.ica.se/stores/1004181/products/marsglass-6-p-mars/2094362
Lasagne Lax Spenat 350g ICA,"37,90 kr","0.35kg 108,29 kr/kg",,,,,,,,,,,,,,,,,,,,,,,,https://handlaprivatkund.ica.se/stores/1004181/products/lasagne-lax-spenat-350g-ica/2043899
Kebab 280g Oumph,"55,00 kr","0.28kg 196,43 kr/kg",138 kcal,577 kJ,5 g,0.5 g,2.1 g,1.8 g,7.1 g,17 g,1.5 g,,,,,,,,,,,,,,,https://handlaprivatkund.ica.se/stores/1004181/products/kebab-280g-oumph/2094013
Wok Classic Style Findus,"39,90 kr","0.45kg 88,67 kr/kg",40 kcal,168 kJ,0.6 g,0.1 g,5.5 g,3.4 g,2.9 g,1.7 g,0.32 g,,,,,,267 µg,,,,,,,,,https://handlaprivatkund.ica.se/stores/1004181/products/wok-classic-style-findus/2120441
Isglasspinne Kalas Cola Hallon 28-p Triumf Glass,"67,00 kr","28 per frp 2,39 kr/st",90 kcal,390 kJ,0.5 g,0.5 g,22 g,22 g,,0.5 g,0.03 g,,,,,,,,,,,,,,,https://handlaprivatkund.ica.se/stores/1004181/products/isglasspinne-kalas-cola-hallon-28-p-triumf-glass/2081320
Grön sparris Fryst 200g ICA,"46,90 kr","0.2kg 234,50 kr/kg",20 kcal,80 kJ,0.5 g,0.5 g,2 g,1.5 g,2 g,2.5 g,,,,,,,,,,,,,,,,https://handlaprivatkund.ica.se/stores/1004181/products/gr%C3%B6n-sparris-fryst-200g-ica/1462726
Pan Pizza Classic Fryst 575g Grandiosa,"76,00 kr","0.575kg 132,17 kr/kg",212 kcal,894 kJ,7.3 g,3.4 g,25 g,2.1 g,,11 g,1.2 g,,,,,,,,,,,,,,,https://handlaprivatkund.ica.se/stores/1004181/products/pan-pizza-classic-fryst-575g-grandiosa/2011332
Crispy Mini Filet 285g Hälsans Kök,"61,00 kr","0.285kg 214,04 kr/kg",245 kcal,1028 kJ,10.1 g,1 g,17.6 g,0.5 g,3.6 g,19.1 g,1.1 g,,,,,,,,,,,,,,,https://handlaprivatkund.ica.se/stores/1004181/products/crispy-mini-filet-285g-h%C3%A4lsans-k%C3%B6k/2108524
Torskfilé Fryst 400g ICA,"103,00 kr","0.4kg 257,50 kr/kg",78 kcal,328 kJ,0.5 g,0.5 g,0 g,0 g,,18 g,0.2 g,,,,,,,,,,,,,,,https://handlaprivatkund.ica.se/stores/1004181/products/torskfil%C3%A9-fryst-400g-ica/1278535
Persilja Finhackad Fryst 40g ICA,"14,90 kr","0.04kg 372,50 kr/kg",40 kcal,170 kJ,0.5 g,0 g,3.3 g,1 g,4.1 g,4.1 g,0.1 g,,,,,,,,,,,,,,,https://handlaprivatkund.ica.se/stores/1004181/products/persilja-finhackad-fryst-40g-ica/1475170
Hackad spenat Fryst Ekologisk 450g ICA I love eco,"22,90 kr","0.45kg 50,89 kr/kg",,,,,,,,,,,,,,,,,,,,,,,,https://handlaprivatkund.ica.se/stores/1004181/products/hackad-spenat-fryst-ekologisk-450g-ica-i-love-eco/1492571
Spagetti Bolognese 420g Leif Mannerström,"51,00 kr","0.42kg 121,43 kr/kg",174 kcal,726 kJ,8.4 g,2.5 g,16 g,1.2 g,1.5 g,7.3 g,1.2 g,,,,,,,,,,,,,,,https://handlaprivatkund.ica.se/stores/1004181/products/spagetti-bolognese-420g-leif-mannerstr%C3%B6m/2077922
Pan Pizza Choco Loco 160g Billys,"18,90 kr","0.16kg 118,13 kr/kg",283 kcal,1184 kJ,11 g,5.3 g,36 g,7.6 g,2.2 g,8.2 g,0.6 g,,,,,,,,,,,,,,,https://handlaprivatkund.ica.se/stores/1004181/products/pan-pizza-choco-loco-160g-billys/2143072
Glasskopa Svart 18cm Gastromax,"36,90 kr",,,,,,,,,,,,,,,,,,,,Plast,,,,,https://handlaprivatkund.ica.se/stores/1004181/products/glasskopa-svart-18cm-gastromax/1499186
Ingefära hackad fryst 40g ICA,"14,90 kr","0.04kg 372,50 kr/kg",33 kcal,138 kJ,0.5 g,0.1 g,6.3 g,0.9 g,2.3 g,0.9 g,0.08 g,,,,,,,,,,,,,,,https://handlaprivatkund.ica.se/stores/1004181/products/ingef%C3%A4ra-hackad-fryst-40g-ica/2138905
"Gräddglass Vanilj 1,5l SIA Glass","55,00 kr","1.5L 36,67 kr/l",210 kcal,850 kJ,10 g,6.6 g,23 g,22 g,0.5 g,3.8 g,0.1 g,0.5 g,0 µg,0 µg,0 µg,0 µg,,,,,,,,,,https://handlaprivatkund.ica.se/stores/1004181/products/gr%C3%A4ddglass-vanilj-1-5l-sia-glass/1008735
Pizza pepperoni calabrese 540g Dr.Oetker,"74,00 kr","0.54kg 137,04 kr/kg",264 kcal,1108 kJ,11 g,4.9 g,28 g,2.9 g,2.3 g,12 g,1.1 g,,,,,,,,,,,,,,,https://handlaprivatkund.ica.se/stores/1004181/products/pizza-pepperoni-calabrese-540g-dr-oetker/1486843
Kladdkaka Marabou Fryst 420g Almondy,"44,90 kr","0.42kg 106,90 kr/kg",433 kcal,1813 kJ,20 g,4.9 g,59 g,37 g,,3.6 g,0.25 g,,,,,,,,,,,,,,,https://handlaprivatkund.ica.se/stores/1004181/products/kladdkaka-marabou-fryst-420g-almondy/2012415
Sandwich Laktosfri 6-p SIA Glass,"59,00 kr","6 per frp 9,83 kr/st",290 kcal,1200 kJ,11 g,6.3 g,42 g,22 g,0 g,5.5 g,0.3 g,0 g,0 µg,0 µg,0 µg,0 µg,,,,,,,,,,https://handlaprivatkund.ica.se/stores/1004181/products/sandwich-laktosfri-6-p-sia-glass/2154296
Färdigmat Pan Pizza Texas bacon Fryst 170g Billys,"18,90 kr","0.17kg 111,18 kr/kg",249 kcal,1044 kJ,10 g,4.2 g,27 g,1.9 g,1.7 g,11 g,1 g,,,,,,,,,,,,,,,https://handlaprivatkund.ica.se/stores/1004181/products/f%C3%A4rdigmat-pan-pizza-texas-bacon-fryst-170g-billys/2033516
Pizzabullar med ost och skinka 480g Findus,"60,00 kr","0.48kg 125,00 kr/kg",238 kcal,1002 kJ,5.1 g,1.4 g,38 g,1.2 g,2.4 g,8.7 g,1.5 g,,,,,,,,,,,,,,,https://handlaprivatkund.ica.se/stores/1004181/products/pizzabullar-med-ost-och-skinka-480g-findus/2155548
Pan Pizza chili cheese 170g Billys,"18,90 kr","0.17kg 111,18 kr/kg",250 kcal,1048 kJ,10 g,4.4 g,27 g,1.6 g,1.6 g,11 g,1.1 g,,,,,,,,,,,,,,,https://handlaprivatkund.ica.se/stores/1004181/products/pan-pizza-chili-cheese-170g-billys/1520984
Mörk choklad 500ml Triumf Glass,"24,90 kr","0.5L 49,80 kr/l",220 kcal,950 kJ,12 g,6.8 g,23 g,21 g,,3.7 g,0.31 g,,,,,,,,,,,,,,,https://handlaprivatkund.ica.se/stores/1004181/products/m%C3%B6rk-choklad-500ml-triumf-glass/2120080
Glass Mini Twister Mallooww 8-p Twister,"55,00 kr","8 per frp 6,88 kr/st",99 kcal,414 kJ,1.1 g,0.9 g,20 g,16 g,1 g,0.5 g,0.03 g,,,,,,,,,,,,,,,https://handlaprivatkund.ica.se/stores/1004181/products/glass-mini-twister-mallooww-8-p-twister/2154424
Pasta fyra ostar Måltid Fryst 390g Findus,"44,90 kr","0.39kg 115,13 kr/kg",131 kcal,548 kJ,5 g,2.6 g,15 g,2 g,1 g,5.9 g,0.81 g,,,,,,,,,,,,,,,https://handlaprivatkund.ica.se/stores/1004181/products/pasta-fyra-ostar-m%C3%A5ltid-fryst-390g-findus/1395978
Herrgårdsgrönsaker 550g Apetit,"36,90 kr","0.55kg 67,09 kr/kg",35 kcal,140 kJ,0 g,0 g,5.3 g,3.6 g,1.7 g,1.3 g,0.04 g,,,,,,,,,,,,,,,https://handlaprivatkund.ica.se/stores/1004181/products/herrg%C3%A5rdsgr%C3%B6nsaker-550g-apetit/2054844
Vårrullar Kyckling 6-st 600g Daloon,"62,00 kr","0.6kg 103,33 kr/kg",179 kcal,749 kJ,7 g,0.7 g,22 g,1.9 g,2.2 g,6.3 g,1 g,,,,,,,,,,,,,,,https://handlaprivatkund.ica.se/stores/1004181/products/v%C3%A5rrullar-kyckling-6-st-600g-daloon/1509063
Glass Jordgubb & Lemon Curd 4-p Triumf Glass,"52,00 kr","4 per frp 13,00 kr/st",310 kcal,1250 kJ,22 g,18 g,25 g,24 g,,3 g,0.12 g,,,,,,,,,,,,,,,https://handlaprivatkund.ica.se/stores/1004181/products/glass-jordgubb-lemon-curd-4-p-triumf-glass/2154444
Pizzabullar med tomat och ost 480g Findus,"60,00 kr","0.48kg 125,00 kr/kg",236 kcal,996 kJ,5.1 g,1.5 g,38 g,1.3 g,2.5 g,8.3 g,1.5 g,,,,,,,,,,,,,,,https://handlaprivatkund.ica.se/stores/1004181/products/pizzabullar-med-tomat-och-ost-480g-findus/2155549
Fiskgratäng räksås Fryst 350g ICA,"38,90 kr","0.35kg 111,14 kr/kg",110 kcal,457 kJ,3.5 g,2.3 g,11 g,3.6 g,,8.1 g,1.2 g,,,,,,,,,,,,,,,https://handlaprivatkund.ica.se/stores/1004181/products/fiskgrat%C3%A4ng-r%C3%A4ks%C3%A5s-fryst-350g-ica/1008852
Vongole Vit Venusmussla 450g ICA,"67,00 kr","0.45kg 148,89 kr/kg",84 kcal,354 kJ,0.7 g,0.2 g,4.1 g,0 g,,15.2 g,1 g,,,,,,,0.4 g,,,,,,,,https://handlaprivatkund.ica.se/stores/1004181/products/vongole-vit-venusmussla-450g-ica/2139976
Kotlettrad Helstekt 420g Leif Mannerström,"51,00 kr","0.42kg 121,43 kr/kg",124 kcal,518 kJ,5.6 g,1.7 g,13 g,1.9 g,1.6 g,4.9 g,0.72 g,,,,,,,,,,,,,,,https://handlaprivatkund.ica.se/stores/1004181/products/kotlettrad-helstekt-420g-leif-mannerstr%C3%B6m/2077924
Bladspenat Fryst 400g ICA,"26,90 kr","0.4kg 67,25 kr/kg",30 kcal,100 kJ,0.5 g,0.5 g,0.6 g,0.5 g,3.8 g,3.2 g,0.1 g,,,,,,,,,,,,,,,https://handlaprivatkund.ica.se/stores/1004181/products/bladspenat-fryst-400g-ica/1300890
Chorizo 240g Farmers & Chefs,"53,00 kr","0.24kg 220,83 kr/kg",216 kcal,904 kJ,14 g,1 g,14 g,2.3 g,7.3 g,4.8 g,2.3 g,,,,,,,,,,,,,,,https://handlaprivatkund.ica.se/stores/1004181/products/chorizo-240g-farmers-chefs/2154358
Pirog Kebab 140g Gorbys,"17,90 kr","0.14kg 127,86 kr/kg",217 kcal,907 kJ,5.8 g,1.5 g,34 g,2.1 g,2.2 g,7.8 g,1 g,,,,,,,,,,,,,,,https://handlaprivatkund.ica.se/stores/1004181/products/pirog-kebab-140g-gorbys/2143071
Hamburgare Pljeska Fryst 6x134g 798g Brajlovic,"205,00 kr","0.8kg 256,25 kr/kg",282 kcal,1167 kJ,24.2 g,,1.1 g,,,14.8 g,,,,,,,,,,,,,,,,https://handlaprivatkund.ica.se/stores/1004181/products/hamburgare-pljeska-fryst-6x134g-798g-brajlovic/1510040
Jordgubbar Fryst Ekologisk 250g ICA I love eco,"31,90 kr","0.25kg 127,60 kr/kg",,,,,,,,,,,,,,,,,,,,,,,,https://handlaprivatkund.ica.se/stores/1004181/products/jordgubbar-fryst-ekologisk-250g-ica-i-love-eco/1499603
Bacon & broccolipaj Fryst 220g Felix,"40,90 kr","0.22kg 185,91 kr/kg",263 kcal,1099 kJ,18 g,9.5 g,17 g,1.5 g,,8.3 g,0.92 g,,,,,,,,,,,,,,,https://handlaprivatkund.ica.se/stores/1004181/products/bacon-broccolipaj-fryst-220g-felix/1453782
Ärtor Fryst 600g ICA,"26,90 kr","0.6kg 44,83 kr/kg",70 kcal,280 kJ,0.5 g,0.5 g,7.2 g,4 g,6.5 g,5.2 g,0.2 g,,,,,,,,,,,,,,,https://handlaprivatkund.ica.se/stores/1004181/products/%C3%A4rtor-fryst-600g-ica/1346021
Blåbär Frysta 250g ICA,"38,90 kr","0.25kg 155,60 kr/kg",,,,,,,,,,,,,,,,,,,,,,,,https://handlaprivatkund.ica.se/stores/1004181/products/bl%C3%A5b%C3%A4r-frysta-250g-ica/1123261
Kladdkaka Glutenfri Fryst 400g ICA,"32,90 kr","0.4kg 82,25 kr/kg",400 kcal,1657 kJ,14 g,1.9 g,62 g,42 g,,4.1 g,0.4 g,,,,,,,,,,,,,,,https://handlaprivatkund.ica.se/stores/1004181/products/kladdkaka-glutenfri-fryst-400g-ica/2002269
Lingon 250g KRAV ICA I love eco,"36,90 kr","0.25kg 147,60 kr/kg",,,,,,,,,,,,,,,,,,,,,,,,https://handlaprivatkund.ica.se/stores/1004181/products/lingon-250g-krav-ica-i-love-eco/1528799
Delikatessköttb stuvade makaroner 380g Felix,"63,00 kr","0.38kg 165,79 kr/kg",131 kcal,548 kJ,4.8 g,2.3 g,16 g,2.3 g,,5.6 g,0.9 g,,,,,,,,,,,,,,,https://handlaprivatkund.ica.se/stores/1004181/products/delikatessk%C3%B6ttb-stuvade-makaroner-380g-felix/2154606
Glasspinne Piggelin 55ml GB Glace,"11,90 kr",,91 kcal,382 kJ,0.5 g,0.1 g,22 g,21 g,0.5 g,0.5 g,0.01 g,,,,,,,,,,,,,,,https://handlaprivatkund.ica.se/stores/1004181/products/glasspinne-piggelin-55ml-gb-glace/1006419
Margherita 450g Tony´s pizza,"72,00 kr","0.45kg 160,00 kr/kg",259 kcal,1080 kJ,8.8 g,4.5 g,32.2 g,3.3 g,1.79 g,11.6 g,1.2 g,,,,,,,,,,,,,,,https://handlaprivatkund.ica.se/stores/1004181/products/margherita-450g-tony-s-pizza/2142935
Ärtor majs paprika Fryst 1kg ICA Basic,"32,90 kr","1kg 32,90 kr/kg",90 kcal,360 kJ,0.8 g,0 g,13 g,2.3 g,4.8 g,4.4 g,0.1 g,,,,,,,,,,,,,,,https://handlaprivatkund.ica.se/stores/1004181/products/%C3%A4rtor-majs-paprika-fryst-1kg-ica-basic/1411052
Rigatoni Kyckling Pesto 380g Felix,"63,00 kr","0.38kg 165,79 kr/kg",135 kcal,564 kJ,4.5 g,1 g,17 g,1.6 g,,6.1 g,0.79 g,,,,,,,,,,,,,,,https://handlaprivatkund.ica.se/stores/1004181/products/rigatoni-kyckling-pesto-380g-felix/2142915
Glass Kinastrut 1-p Fazer,"34,90 kr",,343 kcal,1435 kJ,17 g,6.8 g,43 g,30 g,,3.8 g,0.32 g,,,,,,,,,,,,,,,https://handlaprivatkund.ica.se/stores/1004181/products/glass-kinastrut-1-p-fazer/2154537
Butter Chicken Rice Indian Cube 350g Kitchen Joy,"52,00 kr","0.35kg 148,57 kr/kg",121 kcal,510 kJ,2.7 g,1.5 g,18 g,1.5 g,1 g,6 g,0.87 g,,,,,,,,,,,,,,,https://handlaprivatkund.ica.se/stores/1004181/products/butter-chicken-rice-indian-cube-350g-kitchen-joy/2142772
Thai Cube Sweet & Sour chicken 350g Kitchen Joy,"52,00 kr","0.35kg 148,57 kr/kg",138 kcal,584 kJ,2.2 g,0.4 g,24 g,7.7 g,0.8 g,5.2 g,0.72 g,,,,,,,,,,,,,,,https://handlaprivatkund.ica.se/stores/1004181/products/thai-cube-sweet-sour-chicken-350g-kitchen-joy/2073747
Glass Cookie Dough 465ml Ben & Jerrys,"80,00 kr","0.465L 172,04 kr/l",273 kcal,1145 kJ,15 g,9.2 g,31 g,25 g,,4.1 g,0.17 g,,,,,,,,,,,,,,,https://handlaprivatkund.ica.se/stores/1004181/products/glass-cookie-dough-465ml-ben-jerrys/2054705
Prinsesstårta Fryst 480g Frödinge,"83,00 kr","0.48kg 172,92 kr/kg",293 kcal,1225 kJ,15 g,7.7 g,35 g,21 g,,0.9 g,0.21 g,,,,,,,,,,,,,,,https://handlaprivatkund.ica.se/stores/1004181/products/prinsesst%C3%A5rta-fryst-480g-fr%C3%B6dinge/1006413
Kyckling Curry 390g Findus,"44,90 kr","0.39kg 115,13 kr/kg",92 kcal,387 kJ,1.8 g,0.6 g,13 g,2.8 g,1.1 g,5.3 g,0.55 g,,,,,,,,,,,,,,,https://handlaprivatkund.ica.se/stores/1004181/products/kyckling-curry-390g-findus/2108494
fryst Torskryggfilé 420g Royal Greenland,"163,00 kr","0.42kg 388,10 kr/kg",77 kcal,325 kJ,0.5 g,0.3 g,0 g,0 g,,18 g,0.2 g,,,,,,,,,,,,,,,https://handlaprivatkund.ica.se/stores/1004181/products/fryst-torskryggfil%C3%A9-420g-royal-greenland/2044570
Ryggfilé av Torsk Fryst 3-p 420g ICA,"146,00 kr","0.42kg 347,62 kr/kg",78 kcal,328 kJ,0.5 g,0.5 g,0 g,0 g,,18 g,0.2 g,,,,,,,,,,,,,,,https://handlaprivatkund.ica.se/stores/1004181/products/ryggfil%C3%A9-av-torsk-fryst-3-p-420g-ica/1278557
Glass Finaste Pistage 500ml SIA Glass,"63,00 kr","0.5L 126,00 kr/l",280 kcal,1150 kJ,18 g,9.2 g,24 g,22 g,0 g,4.2 g,0.1 g,0 g,0 µg,0 µg,0 µg,0 µg,,,,,,,,,,https://handlaprivatkund.ica.se/stores/1004181/products/glass-finaste-pistage-500ml-sia-glass/2154435
Pizza Tradizionale Quattro Formaggi Fryst 380g Dr. Oetker,"60,00 kr","0.38kg 157,89 kr/kg",244 kcal,1026 kJ,9.2 g,4.4 g,30 g,3.4 g,1.8 g,9.8 g,1 g,,,,,,,,,,,,,,,https://handlaprivatkund.ica.se/stores/1004181/products/pizza-tradizionale-quattro-formaggi-fryst-380g-dr-oetker/2093802
Pepperonipizza 500g Tony´s pizza,"72,00 kr","0.5kg 144,00 kr/kg",277 kcal,1160 kJ,9.31 g,4.27 g,34.4 g,5.31 g,1.76 g,12.6 g,1.65 g,,,,,,,,,,,1.36 g,3.26 g,,,https://handlaprivatkund.ica.se/stores/1004181/products/pepperonipizza-500g-tony-s-pizza/2108385
Glass Hockeypulver 1-p Triumf Glass,"25,90 kr",,310 kcal,1300 kJ,19 g,10 g,32 g,31 g,,2.1 g,0.23 g,,,,,,,,,,,,,,,https://handlaprivatkund.ica.se/stores/1004181/products/glass-hockeypulver-1-p-triumf-glass/2130082
Extra allt Hawaii Minipizza Fryst 165g Grandiosa,"27,90 kr","0.165kg 169,09 kr/kg",230 kcal,950 kJ,8.9 g,4 g,25 g,2.7 g,,11 g,1.1 g,,,,,,,,,,,,,,,https://handlaprivatkund.ica.se/stores/1004181/products/extra-allt-hawaii-minipizza-fryst-165g-grandiosa/1471165
Pizza Ristorante Hawaii Fryst 355g Dr. Oetker,"48,90 kr","0.355kg 137,75 kr/kg",208 kcal,873 kJ,7.6 g,2.7 g,25 g,5 g,2.2 g,8.7 g,1 g,,,,,,,,,,,,,,,https://handlaprivatkund.ica.se/stores/1004181/products/pizza-ristorante-hawaii-fryst-355g-dr-oetker/2093808
Äkta Vanilj Laktosfri 1.75l Triumf Glass,"39,00 kr","1.75L 22,29 kr/l",190 kcal,800 kJ,9.8 g,6.4 g,23 g,18 g,,3.1 g,0.19 g,,,,,,,,,,,,,,,https://handlaprivatkund.ica.se/stores/1004181/products/%C3%A4kta-vanilj-laktosfri-1-75l-triumf-glass/2142357
Creamy Garlic Chicken 350g Dafgård,"51,00 kr","0.35kg 145,71 kr/kg",143 kcal,597 kJ,5.4 g,2.7 g,14 g,1.7 g,1.4 g,7.9 g,1.3 g,,,,,,,,,,,,,,,https://handlaprivatkund.ica.se/stores/1004181/products/creamy-garlic-chicken-350g-dafg%C3%A5rd/2077933
Vegokorv Glutenfri Fryst 840g Anamma,"114,00 kr","0.84kg 135,71 kr/kg",174 kcal,729 kJ,12 g,0.9 g,4.8 g,1.4 g,4.5 g,11 g,1.5 g,,,,,,,,,,,,,,,https://handlaprivatkund.ica.se/stores/1004181/products/vegokorv-glutenfri-fryst-840g-anamma/2011353
Glasspinne Nogger 87ml GB Glace,"22,90 kr",,352 kcal,1463 kJ,25 g,15 g,27 g,25 g,0.9 g,3.8 g,0.16 g,,,,,,,,,,,,,,,https://handlaprivatkund.ica.se/stores/1004181/products/glasspinne-nogger-87ml-gb-glace/1128646
Blomkål Fryst 600g ICA,"37,90 kr","0.6kg 63,17 kr/kg",20 kcal,90 kJ,0.1 g,0.1 g,3 g,1 g,2 g,1 g,0.1 g,,,,,,,,,,,,,,,https://handlaprivatkund.ica.se/stores/1004181/products/blomk%C3%A5l-fryst-600g-ica/1442587
Sojabönor Fryst 250g ICA,"27,90 kr","0.25kg 111,60 kr/kg",110 kcal,450 kJ,3 g,0 g,9 g,1 g,4 g,8 g,,,,,,,,0.7 g,,,,,,,,https://handlaprivatkund.ica.se/stores/1004181/products/sojab%C3%B6nor-fryst-250g-ica/1462729
Gräddglass Glassbåtar 6-p 840ml Sia Glass,"59,00 kr","6 per frp 9,83 kr/st",250 kcal,1050 kJ,13 g,9.9 g,29 g,24 g,0 g,4 g,0.1 g,0 g,0 µg,0 µg,0 µg,0 µg,,,,,,,,,,https://handlaprivatkund.ica.se/stores/1004181/products/gr%C3%A4ddglass-glassb%C3%A5tar-6-p-840ml-sia-glass/2014811
Frukt & bär Fryst 250g ICA,"30,90 kr","0.25kg 123,60 kr/kg",50 kcal,220 kJ,0.4 g,0.05 g,11 g,9 g,2 g,0.5 g,,,,,,,,0.002 g,,,,,,,,https://handlaprivatkund.ica.se/stores/1004181/products/frukt-b%C3%A4r-fryst-250g-ica/1318257
Glass Vanilj Vegansk 750ml Laktosfri Choice,"42,90 kr","0.75L 57,20 kr/l",92 kcal,389 kJ,3.1 g,2.6 g,15 g,12 g,,0.54 g,0.11 g,,,,,,,,,,,,,,,https://handlaprivatkund.ica.se/stores/1004181/products/glass-vanilj-vegansk-750ml-laktosfri-choice/1529572
Pommes strips Fryst 1kg ICA,"33,90 kr","1kg 33,90 kr/kg",150 kcal,600 kJ,4.4 g,0.5 g,23 g,0.5 g,3 g,2.2 g,0.1 g,,,,,,,,,,,,,,,https://handlaprivatkund.ica.se/stores/1004181/products/pommes-strips-fryst-1kg-ica/1365759
Wokgrönsaker Fryst 1kg ICA Basic,"32,90 kr","1kg 32,90 kr/kg",30 kcal,120 kJ,0.5 g,0 g,3.7 g,1.7 g,3.1 g,1.4 g,0.1 g,,,,,,,,,,,,,,,https://handlaprivatkund.ica.se/stores/1004181/products/wokgr%C3%B6nsaker-fryst-1kg-ica-basic/1410819
Pulled BBQ Chunks 280g Oumph,"55,00 kr","0.28kg 196,43 kr/kg",115 kcal,480 kJ,0 g,0 g,11 g,9.4 g,4.7 g,14 g,1.5 g,,,,,,,,,2.4 mg,,,,,,https://handlaprivatkund.ica.se/stores/1004181/products/pulled-bbq-chunks-280g-oumph/2094012
Potatisbullar 800g ICA,"44,90 kr","0.8kg 56,13 kr/kg",168 kcal,701 kJ,8.5 g,1 g,20 g,0.5 g,1.3 g,2.1 g,0.9 g,,,,,,,,,,,,,,,https://handlaprivatkund.ica.se/stores/1004181/products/potatisbullar-800g-ica/2065189
Bröd Limpan Glutenfri Fryst 500g Fria,"40,90 kr","0.5kg 81,80 kr/kg",270 kcal,1150 kJ,3.7 g,0.6 g,56 g,9.4 g,4.7 g,0.9 g,1.3 g,,,,,,,,,,,,,,,https://handlaprivatkund.ica.se/stores/1004181/products/br%C3%B6d-limpan-glutenfri-fryst-500g-fria/2033535
Blåmusselkött Fryst 200g ICA,"36,90 kr","0.2kg 184,50 kr/kg",,,,,,,,,,,,,,,,,,,,,,,,https://handlaprivatkund.ica.se/stores/1004181/products/bl%C3%A5musselk%C3%B6tt-fryst-200g-ica/1417702
Paj Västerbottensost 240g Dafgård,"51,00 kr","0.24kg 212,50 kr/kg",,,,,,,,,,,,,,,,,,,,,,,,https://handlaprivatkund.ica.se/stores/1004181/products/paj-v%C3%A4sterbottensost-240g-dafg%C3%A5rd/2054854
Fettucine alla bolognese Måltid Fryst 380g Felix,"63,00 kr","0.38kg 165,79 kr/kg",119 kcal,496 kJ,3.8 g,1.4 g,15 g,2.6 g,,5.1 g,0.95 g,,,,,,,,,,,,,,,https://handlaprivatkund.ica.se/stores/1004181/products/fettucine-alla-bolognese-m%C3%A5ltid-fryst-380g-felix/1402644
Vegobullar Glutenfri Fryst 900g Anamma,"114,00 kr","0.9kg 126,67 kr/kg",160 kcal,668 kJ,10 g,0.8 g,4.7 g,0.7 g,4.2 g,11 g,1 g,,,,,,,,,,,,,,,https://handlaprivatkund.ica.se/stores/1004181/products/vegobullar-glutenfri-fryst-900g-anamma/2011325
Caesarpaj 240g Dafgård,"41,90 kr","0.24kg 174,58 kr/kg",295 kcal,1233 kJ,19 g,9.8 g,20 g,2.9 g,1.3 g,10 g,1.2 g,,,,,,,,,,,,,,,https://handlaprivatkund.ica.se/stores/1004181/products/caesarpaj-240g-dafg%C3%A5rd/2130241
Pizza Ståtlig Sparris 310g Grandiosa,"65,00 kr","0.31kg 209,68 kr/kg",242 kcal,1012 kJ,12 g,6.8 g,23 g,1.1 g,,9.7 g,0.9 g,,,,,,,,,,,,,,,https://handlaprivatkund.ica.se/stores/1004181/products/pizza-st%C3%A5tlig-sparris-310g-grandiosa/2119836
Buffalo wings BBQ Fryst 500g Guldfågeln,"51,00 kr","0.5kg 102,00 kr/kg",230 kcal,950 kJ,15 g,5 g,2 g,1 g,,21 g,1.6 g,,,,,,,,,,,,,,,https://handlaprivatkund.ica.se/stores/1004181/products/buffalo-wings-bbq-fryst-500g-guldf%C3%A5geln/1008705
Räkor med skal 70-90st/kg Fryst 500g Pandalus,"94,00 kr","0.5kg 188,00 kr/kg",100 kcal,380 kJ,0.7 g,0.5 g,0.9 g,0 g,,20 g,2 g,,,,,,,,,,,,,,,https://handlaprivatkund.ica.se/stores/1004181/products/r%C3%A4kor-med-skal-70-90st-kg-fryst-500g-pandalus/1008715
Glasspinne Almond 100ml Magnum,"33,90 kr",,335 kcal,1399 kJ,21 g,13 g,31 g,26 g,,4.8 g,0.11 g,,,,,,,,,,,,,,,https://handlaprivatkund.ica.se/stores/1004181/products/glasspinne-almond-100ml-magnum/2054646
Kolasås 300g ICA,"38,90 kr","0.3kg 129,67 kr/kg",325 kcal,1373 kJ,7 g,6.5 g,64 g,39 g,,1.5 g,0.3 g,,,,,,,,,,,,,,,https://handlaprivatkund.ica.se/stores/1004181/products/kolas%C3%A5s-300g-ica/1278644
Kanelbullar Glutenfri Fryst 5-p 220g Hans & Greta,"61,00 kr","0.22kg 277,27 kr/kg",330 kcal,1400 kJ,8.5 g,4 g,59 g,20 g,,4 g,0.64 g,,,,,,,,,,,,,,,https://handlaprivatkund.ica.se/stores/1004181/products/kanelbullar-glutenfri-fryst-5-p-220g-hans-greta/1443339
Blåbär odlade 500g ICA Basic,"48,90 kr","0.5kg 97,80 kr/kg",50 kcal,210 kJ,0.5 g,0 g,12 g,8.5 g,2.7 g,0.5 g,,,,,,,,,,,,,,,,https://handlaprivatkund.ica.se/stores/1004181/products/bl%C3%A5b%C3%A4r-odlade-500g-ica-basic/1509035
Pizzarulle Kebab 155g Grandiosa,"27,90 kr","0.155kg 180,00 kr/kg",225 kcal,941 kJ,8.9 g,3.4 g,25 g,1.5 g,,10 g,0.99 g,,,,,,,,,,,,,,,https://handlaprivatkund.ica.se/stores/1004181/products/pizzarulle-kebab-155g-grandiosa/2143257
Gräddglass Vår finaste Valnöt 500ml SIA Glass,"63,00 kr","0.5L 126,00 kr/l",280 kcal,1200 kJ,17 g,8.7 g,25 g,23 g,0 g,4.4 g,0.1 g,0 g,0 µg,0 µg,0 µg,0 µg,,,,,,,,,,https://handlaprivatkund.ica.se/stores/1004181/products/gr%C3%A4ddglass-v%C3%A5r-finaste-valn%C3%B6t-500ml-sia-glass/2054670
Filébitar Vegansk Fryst 320g Hälsans Kök,"53,00 kr","0.32kg 165,63 kr/kg",151 kcal,631 kJ,4.7 g,0.4 g,1.2 g,0.1 g,5.9 g,23 g,1.4 g,,,,,,,,,,,,,,,https://handlaprivatkund.ica.se/stores/1004181/products/fil%C3%A9bitar-vegansk-fryst-320g-h%C3%A4lsans-k%C3%B6k/2011974
Wokmix Fryst 900g ICA,"44,90 kr","0.9kg 49,89 kr/kg",,,,,,,,,,,,,,,,,,,,,,,,https://handlaprivatkund.ica.se/stores/1004181/products/wokmix-fryst-900g-ica/1399390
Glass Jordgubb 1-p GB Glace,"33,90 kr",,358 kcal,1497 kJ,21 g,14 g,38 g,28 g,1.1 g,3.6 g,0.31 g,,,,,,,,,,,,,,,https://handlaprivatkund.ica.se/stores/1004181/products/glass-jordgubb-1-p-gb-glace/2154459
Gräddglass Vit choklad 500ml SIA Glass,"24,90 kr","0.5L 49,80 kr/l",230 kcal,1000 kJ,13 g,7.7 g,24 g,23 g,0 g,4.2 g,0.1 g,0 g,0 µg,0 µg,0 µg,0 µg,,,,,,,,,,https://handlaprivatkund.ica.se/stores/1004181/products/gr%C3%A4ddglass-vit-choklad-500ml-sia-glass/1510229
Baljväxtfärs 500g Anamma,"83,00 kr","0.5kg 166,00 kr/kg",170 kcal,712 kJ,7 g,0.6 g,9.3 g,1.3 g,4.7 g,15 g,0.77 g,,,,,,,,,,,,,,,https://handlaprivatkund.ica.se/stores/1004181/products/baljv%C3%A4xtf%C3%A4rs-500g-anamma/2119867
Kycklingben Fryst 1kg Kronfågel,"49,90 kr","1kg 49,90 kr/kg",120 kcal,500 kJ,6 g,1.2 g,0.5 g,0.5 g,,16 g,0.6 g,,,,,,,,,,,,,,,https://handlaprivatkund.ica.se/stores/1004181/products/kycklingben-fryst-1kg-kronf%C3%A5gel/1003496
Glass Chocolatey Love A-Fair 465ml Ben & Jerrys,"80,00 kr","0.465L 172,04 kr/l",233 kcal,979 kJ,14 g,9.5 g,23 g,22 g,,3.6 g,0.35 g,,,,,,,,,,,,,,,https://handlaprivatkund.ica.se/stores/1004181/products/glass-chocolatey-love-a-fair-465ml-ben-jerrys/2103187
Glass Daimstrut mini 6-pack GB Glace,"61,00 kr","6 per frp 10,17 kr/st",336 kcal,1404 kJ,17 g,12 g,43 g,29 g,,4.1 g,0.21 g,,,,,,,,,,,,,,,https://handlaprivatkund.ica.se/stores/1004181/products/glass-daimstrut-mini-6-pack-gb-glace/1259083
Jordgubbstärningar 250g ICA,"28,90 kr","0.25kg 115,60 kr/kg",30 kcal,140 kJ,0.5 g,0 g,6.4 g,4.7 g,1.4 g,0.5 g,0 g,,,,99 µg,,,,,,,,,35 mg,,https://handlaprivatkund.ica.se/stores/1004181/products/jordgubbst%C3%A4rningar-250g-ica/2038028
Singapore Firecracker 350g Chicken Dafgård,"49,90 kr","0.35kg 142,57 kr/kg",161 kcal,673 kJ,2.4 g,0.4 g,25 g,5.3 g,1.9 g,8.1 g,1.3 g,,,,,,,,,,,,,,,https://handlaprivatkund.ica.se/stores/1004181/products/singapore-firecracker-350g-chicken-dafg%C3%A5rd/2077932
Vegoschnitzel Glutenfri 750g Anamma,"114,00 kr","0.75kg 152,00 kr/kg",228 kcal,955 kJ,13 g,1 g,13 g,0.9 g,4.4 g,12 g,1 g,,,,,,,,,,,,,,,https://handlaprivatkund.ica.se/stores/1004181/products/vegoschnitzel-glutenfri-750g-anamma/2054869
Glass Vanilj med Mango & Passionfruktsås 900 ml ICA,"46,90 kr","0.9L 52,11 kr/l",196 kcal,823 kJ,7.5 g,4.9 g,30 g,28 g,,2.5 g,0.19 g,,,,,,,,,,,,,,,https://handlaprivatkund.ica.se/stores/1004181/products/glass-vanilj-med-mango-passionfrukts%C3%A5s-900-ml-ica/2107475
Dill Finhackad Fryst 40g ICA,"14,90 kr","0.04kg 372,50 kr/kg",40 kcal,170 kJ,0.5 g,0.5 g,3 g,1.2 g,3.6 g,4.3 g,0.1 g,,,,,,,,,,,,,,,https://handlaprivatkund.ica.se/stores/1004181/products/dill-finhackad-fryst-40g-ica/1475152
Isglass Calippo Cola 105ml GB Glace,"22,90 kr",,83 kcal,361 kJ,0.5 g,0.5 g,20 g,17 g,,0.5 g,0.01 g,,,,,,,,,,,,,,,https://handlaprivatkund.ica.se/stores/1004181/products/isglass-calippo-cola-105ml-gb-glace/1294905
Pyttipanna 1kg ICA,"53,00 kr","1kg 53,00 kr/kg",,,,,,,,,,,,,,,,,,,,,,,,https://handlaprivatkund.ica.se/stores/1004181/products/pyttipanna-1kg-ica/2018322
Hallonsorbet 500ml Sia Glass,"26,90 kr","0.5L 53,80 kr/l",140 kcal,600 kJ,0.5 g,0.5 g,33 g,31 g,0 g,0.5 g,0 g,,0 µg,0 µg,0 µg,0 µg,,,,,,,,,,https://handlaprivatkund.ica.se/stores/1004181/products/hallonsorbet-500ml-sia-glass/2035388
Broccolibuketter Fryst 800g ICA,"36,90 kr","0.8kg 46,13 kr/kg",,,,,,,,,,,,,,,,,,,,,,,,https://handlaprivatkund.ica.se/stores/1004181/products/broccolibuketter-fryst-800g-ica/1023200
Glasspinne Ananas Split 8-p Triumf Glass,"52,00 kr","8 per frp 6,50 kr/st",180 kcal,750 kJ,8.7 g,6.6 g,23 g,23 g,,1.4 g,0.09 g,,,,,,,,,,,,,,,https://handlaprivatkund.ica.se/stores/1004181/products/glasspinne-ananas-split-8-p-triumf-glass/2086312
Köttbullar Små Delikatess Fryst 420g Felix,"71,00 kr","0.42kg 169,05 kr/kg",239 kcal,1002 kJ,17 g,6.8 g,6.2 g,2.9 g,,15 g,1.6 g,,,,,,,,,,,,,,,https://handlaprivatkund.ica.se/stores/1004181/products/k%C3%B6ttbullar-sm%C3%A5-delikatess-fryst-420g-felix/2014036
Jordgubbar Fryst 500g ICA Basic,"32,90 kr","0.5kg 65,80 kr/kg",30 kcal,120 kJ,0.5 g,0 g,5.2 g,4.7 g,1.3 g,0.7 g,0 g,,,,,,,,,,,,,,,https://handlaprivatkund.ica.se/stores/1004181/products/jordgubbar-fryst-500g-ica-basic/1521102
Potatiskroketter Fryst 600g ICA,"28,90 kr","0.6kg 48,17 kr/kg",180 kcal,750 kJ,7.5 g,0.9 g,25 g,0.5 g,2.3 g,2.6 g,1.2 g,,,,,,,,,,,,,,,https://handlaprivatkund.ica.se/stores/1004181/products/potatiskroketter-fryst-600g-ica/1365758
Blåmusslor Fryst 450g ICA,"54,00 kr","0.45kg 120,00 kr/kg",,,,,,,,,,,,,,,,,,,,,,,,https://handlaprivatkund.ica.se/stores/1004181/products/bl%C3%A5musslor-fryst-450g-ica/1396496
Skin-On Fries Home Style Fryst 750g Lamb Weston,"48,90 kr","0.75kg 65,20 kr/kg",163 kcal,685 kJ,5.5 g,0.7 g,25 g,0.3 g,2.7 g,2.2 g,0.55 g,,,,,,,,,,,,,,,https://handlaprivatkund.ica.se/stores/1004181/products/skin-on-fries-home-style-fryst-750g-lamb-weston/2046369
Chicken nuggets Fryst 1kg ICA Basic,"61,00 kr","1kg 61,00 kr/kg",238 kcal,995 kJ,12 g,1.8 g,22 g,0.6 g,,10 g,1.1 g,,,,,,,,,,,,,,,https://handlaprivatkund.ica.se/stores/1004181/products/chicken-nuggets-fryst-1kg-ica-basic/1411116
"Gräddglass Gammaldags vanilj 0,5l Triumf Glass","24,90 kr","0.5L 49,80 kr/l",200 kcal,850 kJ,11 g,7.2 g,23 g,22 g,,2.9 g,0.18 g,,,,,,,,,,,,,,,https://handlaprivatkund.ica.se/stores/1004181/products/gr%C3%A4ddglass-gammaldags-vanilj-0-5l-triumf-glass/1434799
Surimisticks 200g ICA,"22,90 kr","0.2kg 114,50 kr/kg",84 kcal,357 kJ,0.6 g,0.5 g,11 g,5.4 g,,8.8 g,1.7 g,,,,,,,,,,,,,,,https://handlaprivatkund.ica.se/stores/1004181/products/surimisticks-200g-ica/2119179
Vegetariska Filéer Fryst 312g Quorn,"47,90 kr","0.312kg 153,53 kr/kg",,,,,,,,,,,,,,,,,,,,,,,,https://handlaprivatkund.ica.se/stores/1004181/products/vegetariska-fil%C3%A9er-fryst-312g-quorn/1344992
Glass Sitting Bull 1-p Triumf Glass,"20,90 kr","0.094L 222,34 kr/l",330 kcal,1350 kJ,19 g,8.8 g,35 g,35 g,,2.2 g,0.15 g,,,,,,,,,,,,,,,https://handlaprivatkund.ica.se/stores/1004181/products/glass-sitting-bull-1-p-triumf-glass/2086186
Pizza Ristorante Salame Mozzarella Pesto Fryst 360g Dr. Oetker,"48,90 kr","0.36kg 135,83 kr/kg",252 kcal,1055 kJ,13 g,4.5 g,22 g,2.8 g,2.2 g,9.2 g,1.2 g,,,,,,,,,,,,,,,https://handlaprivatkund.ica.se/stores/1004181/products/pizza-ristorante-salame-mozzarella-pesto-fryst-360g-dr-oetker/2093812
Jordgubbar Fryst 1kg ICA Basic,"41,90 kr","1kg 41,90 kr/kg",30 kcal,130 kJ,0.5 g,0 g,5.2 g,4.7 g,1.3 g,0.7 g,,,,,,,,,,,,,,,,https://handlaprivatkund.ica.se/stores/1004181/products/jordgubbar-fryst-1kg-ica-basic/1410805
Chokladsås 300g ICA,"38,90 kr","0.3kg 129,67 kr/kg",315 kcal,1331 kJ,5 g,4.5 g,65 g,34 g,,1.5 g,0.3 g,,,,,,,,,,,,,,,https://handlaprivatkund.ica.se/stores/1004181/products/choklads%C3%A5s-300g-ica/1278642
Delikatessköttbullar Små 420g Leif Mannerström,"49,90 kr","0.42kg 118,81 kr/kg",145 kcal,606 kJ,10 g,4.7 g,7.5 g,1.9 g,1.3 g,4.8 g,1.1 g,,,,,,,,,,,,,,,https://handlaprivatkund.ica.se/stores/1004181/products/delikatessk%C3%B6ttbullar-sm%C3%A5-420g-leif-mannerstr%C3%B6m/2077925
Ost & skinkpaj Fryst 220g ICA,"36,90 kr","0.22kg 167,73 kr/kg",330 kcal,961 kJ,12 g,6.1 g,19 g,1.8 g,0.9 g,11 g,0.98 g,,,,,,,,,,,,,,,https://handlaprivatkund.ica.se/stores/1004181/products/ost-skinkpaj-fryst-220g-ica/1387325
Italienska Kalvfärsbiffar 400g Dafgård,"41,90 kr","0.4kg 104,75 kr/kg",164 kcal,687 kJ,8.3 g,2.3 g,15 g,1.3 g,1.5 g,5.2 g,1.1 g,,,,,,,,,,,,,,,https://handlaprivatkund.ica.se/stores/1004181/products/italienska-kalvf%C3%A4rsbiffar-400g-dafg%C3%A5rd/2093864
Färs Formbar Vegansk Fryst 850g Anamma,"114,00 kr","0.85kg 134,12 kr/kg",162 kcal,679 kJ,9.2 g,0.7 g,1.6 g,0.7 g,6.2 g,15 g,0.7 g,,,,,,,,,,,,,,,https://handlaprivatkund.ica.se/stores/1004181/products/f%C3%A4rs-formbar-vegansk-fryst-850g-anamma/2011316
Glass Chunky Monkey 465ml Ben & Jerrys,"80,00 kr","0.465L 172,04 kr/l",278 kcal,1168 kJ,17 g,9.7 g,28 g,27 g,,4.1 g,0.15 g,,,,,,,,,,,,,,,https://handlaprivatkund.ica.se/stores/1004181/products/glass-chunky-monkey-465ml-ben-jerrys/2130365
Pirog Margherita 140g Gorbys,"17,90 kr","0.14kg 127,86 kr/kg",249 kcal,1040 kJ,7.6 g,3.7 g,34 g,2.1 g,2 g,11 g,1.3 g,,,,,,,,,,,,,,,https://handlaprivatkund.ica.se/stores/1004181/products/pirog-margherita-140g-gorbys/2093750
Vår Finaste Choklad Stracciatella 500ml SIA GLASS,"63,00 kr","0.5L 126,00 kr/l",310 kcal,1300 kJ,21 g,13 g,25 g,24 g,0 g,3 g,0.2 g,0 g,0 µg,0 µg,0 µg,0 µg,,,,,,,,,,https://handlaprivatkund.ica.se/stores/1004181/products/v%C3%A5r-finaste-choklad-stracciatella-500ml-sia-glass/2109129
Glass Gammeldags Vanilj 500ml GB Gräddglass,"24,90 kr","0.5L 49,80 kr/l",117 kcal,488 kJ,8 g,5.3 g,9.1 g,9.1 g,,2 g,0.07 g,,,,,,,,,,,,,,,https://handlaprivatkund.ica.se/stores/1004181/products/glass-gammeldags-vanilj-500ml-gb-gr%C3%A4ddglass/2067304
"Krögarpytt Klassisk Fryst 1,5kg Felix","131,00 kr","1.5kg 87,33 kr/kg",148 kcal,620 kJ,8.4 g,1.6 g,13 g,2.5 g,,4.4 g,1 g,,,,,,,,,,,,,,,https://handlaprivatkund.ica.se/stores/1004181/products/kr%C3%B6garpytt-klassisk-fryst-1-5kg-felix/1487595
Svampmix Fryst 500g ICA,"36,90 kr","0.5kg 73,80 kr/kg",15 kcal,60 kJ,0.5 g,0 g,0.5 g,0.2 g,2.5 g,2.5 g,0.1 g,,,,,,,0.1 g,,,,,,,,https://handlaprivatkund.ica.se/stores/1004181/products/svampmix-fryst-500g-ica/1415460
Körsbär Sura Kärnfria 300g Ledo,"36,90 kr","0.3kg 123,00 kr/kg",55 kcal,231 kJ,0.3 g,0.1 g,12 g,12 g,1.3 g,1.4 g,0 g,,,,,,,,,,,,,,,https://handlaprivatkund.ica.se/stores/1004181/products/k%C3%B6rsb%C3%A4r-sura-k%C3%A4rnfria-300g-ledo/2154573
Pommes frites Fryst 1kg ICA,"33,90 kr","1kg 33,90 kr/kg",130 kcal,550 kJ,3.7 g,0.5 g,20 g,0.5 g,3 g,2.5 g,,,,,,,,,,,,,,,,https://handlaprivatkund.ica.se/stores/1004181/products/pommes-frites-fryst-1kg-ica/1365760
Pannbiff 400g Dafgård,"41,90 kr","0.4kg 104,75 kr/kg",153 kcal,642 kJ,9 g,3 g,12 g,1.6 g,1.5 g,5.1 g,1 g,,,,,,,,,,,,,,,https://handlaprivatkund.ica.se/stores/1004181/products/pannbiff-400g-dafg%C3%A5rd/2093868
Chicken Teriyaki 350g Dafgård,"51,00 kr","0.35kg 145,71 kr/kg",144 kcal,604 kJ,3.6 g,0.7 g,20 g,7.2 g,1.6 g,7.2 g,1.3 g,,,,,,,,,,,,,,,https://handlaprivatkund.ica.se/stores/1004181/products/chicken-teriyaki-350g-dafg%C3%A5rd/2077930
Pasta alfredo Måltid Fryst 400g Findus,"44,90 kr","0.4kg 112,25 kr/kg",153 kcal,642 kJ,6.1 g,2.7 g,18 g,2.3 g,0.8 g,6.1 g,0.78 g,,,,,,,,,,,,,,,https://handlaprivatkund.ica.se/stores/1004181/products/pasta-alfredo-m%C3%A5ltid-fryst-400g-findus/1006442
Dumplings grönsaker 400g ICA Basic,"42,90 kr","0.4kg 107,25 kr/kg",146 kcal,616 kJ,1.9 g,0.2 g,26 g,1.9 g,2.2 g,5.1 g,1.2 g,,,,,,,,,,,,,,,https://handlaprivatkund.ica.se/stores/1004181/products/dumplings-gr%C3%B6nsaker-400g-ica-basic/2138898
Cevapcici 380g Dafgårds,"41,90 kr","0.38kg 110,26 kr/kg",145 kcal,605 kJ,8.5 g,3 g,11 g,2.1 g,1.5 g,4.9 g,0.97 g,,,,,,,,,,,,,,,https://handlaprivatkund.ica.se/stores/1004181/products/cevapcici-380g-dafg%C3%A5rds/2154139
Glass Jordgubb & Lemon Curd 1.75ml Triumf Glass,"39,00 kr","1.75L 22,29 kr/l",190 kcal,800 kJ,9.6 g,6.3 g,24 g,23 g,,3 g,0.19 g,,,,,,,,,,,,,,,https://handlaprivatkund.ica.se/stores/1004181/products/glass-jordgubb-lemon-curd-1-75ml-triumf-glass/2154441
Lyxlasagne 390g Dafgård,"51,00 kr","0.39kg 130,77 kr/kg",196 kcal,821 kJ,11 g,5.4 g,16 g,2.7 g,1 g,9.2 g,1.1 g,,,,,,,,,,,,,,,https://handlaprivatkund.ica.se/stores/1004181/products/lyxlasagne-390g-dafg%C3%A5rd/2101432
Stenugnsbakad pizza Vegetale Fryst 360g ICA,"41,90 kr","0.36kg 116,39 kr/kg",190 kcal,800 kJ,6 g,1.8 g,26 g,4.3 g,2.4 g,7 g,0.95 g,,,,,,,,,,,,,,,https://handlaprivatkund.ica.se/stores/1004181/products/stenugnsbakad-pizza-vegetale-fryst-360g-ica/1026462
Glass Heavenly Chocolate Mjölk och laktosfri Vegansk 750ml Choice,"42,90 kr","0.75L 57,20 kr/l",169 kcal,711 kJ,6.1 g,5.1 g,27 g,16 g,,1.6 g,0.29 g,,,,,,,,,,,,,,,https://handlaprivatkund.ica.se/stores/1004181/products/glass-heavenly-chocolate-mj%C3%B6lk-och-laktosfri-vegansk-750ml-choice/2077398
Filled Crêpes Tomato Mozzarella 240g Findus,"46,90 kr","0.24kg 195,42 kr/kg",180 kcal,753 kJ,8 g,1.8 g,21 g,4.1 g,1 g,5.4 g,0.86 g,,,,,,,,,,,,,,,https://handlaprivatkund.ica.se/stores/1004181/products/filled-cr%C3%AApes-tomato-mozzarella-240g-findus/2155551
Dessertglass Spectacu-love 465ml Ben & Jerrys,"80,00 kr","0.465L 172,04 kr/l",294 kcal,1233 kJ,19 g,11 g,26 g,22 g,0.5 g,3.8 g,0.23 g,,,,,,,,,,,,,,,https://handlaprivatkund.ica.se/stores/1004181/products/dessertglass-spectacu-love-465ml-ben-jerrys/2143313
Vitlöksbaguetter Fryst 2-p 350g ICA Basic,"18,90 kr","0.35kg 54,00 kr/kg",292 kcal,1227 kJ,9.8 g,2.7 g,43 g,2.4 g,2.4 g,6.7 g,1.4 g,,,,,,,,,,,,,,,https://handlaprivatkund.ica.se/stores/1004181/products/vitl%C3%B6ksbaguetter-fryst-2-p-350g-ica-basic/1411066
Panpizza Original Fryst 170g Billys,"18,90 kr","0.17kg 111,18 kr/kg",246 kcal,1029 kJ,10 g,4 g,28 g,1.8 g,1.5 g,11 g,1 g,,,,,,,,,,,,,,,https://handlaprivatkund.ica.se/stores/1004181/products/panpizza-original-fryst-170g-billys/1006460
Extra allt vesuvio Minipizza Fryst 165g Grandiosa,"27,90 kr","0.165kg 169,09 kr/kg",240 kcal,1000 kJ,10 g,4.7 g,24 g,2 g,,12 g,1.1 g,,,,,,,,,,,,,,,https://handlaprivatkund.ica.se/stores/1004181/products/extra-allt-vesuvio-minipizza-fryst-165g-grandiosa/1471150
Jumbo frites Fryst 750g ICA,"29,90 kr","0.75kg 39,87 kr/kg",140 kcal,600 kJ,3.5 g,0.5 g,23 g,0.5 g,2.9 g,2.2 g,0.3 g,,,,,,,,,,,,,,,https://handlaprivatkund.ica.se/stores/1004181/products/jumbo-frites-fryst-750g-ica/1421521
Kycklinglasagne 390g Dafgård,"41,90 kr","0.39kg 107,44 kr/kg",178 kcal,745 kJ,8.8 g,4.6 g,16 g,2.2 g,0.9 g,7.7 g,1 g,,,,,,,,,,,,,,,https://handlaprivatkund.ica.se/stores/1004181/products/kycklinglasagne-390g-dafg%C3%A5rd/2093875
Formbröd Vita Toast Glutenfri Fryst 500g Fria,"40,90 kr","0.5kg 81,80 kr/kg",260 kcal,1100 kJ,3.8 g,0.6 g,52 g,4.3 g,4.1 g,1.5 g,1.3 g,,,,,,,,,,,,,,,https://handlaprivatkund.ica.se/stores/1004181/products/formbr%C3%B6d-vita-toast-glutenfri-fryst-500g-fria/2033530
Bröd Grova Glutenfri Fryst 500g Fria,"40,90 kr","0.5kg 81,80 kr/kg",260 kcal,1100 kJ,3.8 g,0.6 g,53 g,8.3 g,5.4 g,1.2 g,1.3 g,,,,,,,,,,,,,,,https://handlaprivatkund.ica.se/stores/1004181/products/br%C3%B6d-grova-glutenfri-fryst-500g-fria/2033526
Krögarpytt klassissk Fryst 720g Felix,"67,00 kr","0.72kg 93,06 kr/kg",148 kcal,620 kJ,8.4 g,1.6 g,13 g,2.5 g,,4.4 g,1 g,,,,,,,,,,,,,,,https://handlaprivatkund.ica.se/stores/1004181/products/kr%C3%B6garpytt-klassissk-fryst-720g-felix/1487594
Glass Chocolate & Vanilla Half Baked 465ml Ben & Jerrys,"80,00 kr","0.465L 172,04 kr/l",265 kcal,1111 kJ,13 g,8.1 g,32 g,27 g,1.3 g,4.2 g,0.21 g,,,,,,,,,,,,,,,https://handlaprivatkund.ica.se/stores/1004181/products/glass-chocolate-vanilla-half-baked-465ml-ben-jerrys/2054683
Gräddglass Choklad 500ml SIA Glass,"24,90 kr","0.5L 49,80 kr/l",250 kcal,1050 kJ,13 g,6.3 g,27 g,26 g,0 g,4.7 g,0.1 g,0 g,0 µg,0 µg,0 µg,0 µg,,,,,,,,,,https://handlaprivatkund.ica.se/stores/1004181/products/gr%C3%A4ddglass-choklad-500ml-sia-glass/1008927
Glass Sweet Mango Memories 465ml Ben & Jerrys,"80,00 kr","0.465L 172,04 kr/l",255 kcal,1071 kJ,15 g,10 g,26 g,24 g,0.5 g,3.6 g,0.14 g,,,,,,,,,,,,,,,https://handlaprivatkund.ica.se/stores/1004181/products/glass-sweet-mango-memories-465ml-ben-jerrys/2153943
Fajitapaj 240g Dafgård,"39,90 kr","0.24kg 166,25 kr/kg",269 kcal,1125 kJ,17 g,8.7 g,20 g,3.1 g,1.2 g,9.1 g,0.94 g,,,,,,,,,,,,,,,https://handlaprivatkund.ica.se/stores/1004181/products/fajitapaj-240g-dafg%C3%A5rd/2143253
Hallon & blåbär Fryst 250g ICA,"37,90 kr","0.25kg 151,60 kr/kg",44 kcal,182 kJ,0.7 g,0.1 g,6.6 g,5.3 g,3.4 g,0.9 g,0.01 g,,,,,,,,,,,,,,,https://handlaprivatkund.ica.se/stores/1004181/products/hallon-bl%C3%A5b%C3%A4r-fryst-250g-ica/1026473
Chicken Alfredo 390g Dafgård,"41,90 kr","0.39kg 107,44 kr/kg",134 kcal,560 kJ,4.7 g,2.6 g,15 g,1.6 g,0.8 g,7 g,0.81 g,,,,,,,,,,,,,,,https://handlaprivatkund.ica.se/stores/1004181/products/chicken-alfredo-390g-dafg%C3%A5rd/2101434
Pan Pizza Classic mini 190g Grandiosa,"27,90 kr","0.19kg 146,84 kr/kg",244 kcal,1020 kJ,9.2 g,3.7 g,29 g,2.5 g,,10 g,1.1 g,,,,,,,,,,,,,,,https://handlaprivatkund.ica.se/stores/1004181/products/pan-pizza-classic-mini-190g-grandiosa/2039304
Dillkyckling Leif Mannerström 400g Dafgård,"51,00 kr","0.4kg 127,50 kr/kg",107 kcal,447 kJ,5.2 g,2.3 g,7.9 g,3 g,1.2 g,6.8 g,1.1 g,,,,,,,,,,,,,,,https://handlaprivatkund.ica.se/stores/1004181/products/dillkyckling-leif-mannerstr%C3%B6m-400g-dafg%C3%A5rd/2120217
Kanelbullar Fryst 12-p 420g ICA,"37,90 kr","0.42kg 90,24 kr/kg",363 kcal,1527 kJ,11 g,1.3 g,59 g,23 g,2.3 g,5.8 g,1.3 g,,,,,,,,,,,,,,,https://handlaprivatkund.ica.se/stores/1004181/products/kanelbullar-fryst-12-p-420g-ica/1333446
Pizza Tradizionale Spinaci E Ricotta Fryst 415g Dr. Oetker,"60,00 kr","0.415kg 144,58 kr/kg",208 kcal,873 kJ,6.8 g,2.6 g,27 g,3.3 g,2 g,7.9 g,0.97 g,,,,,,,,,,,,,,,https://handlaprivatkund.ica.se/stores/1004181/products/pizza-tradizionale-spinaci-e-ricotta-fryst-415g-dr-oetker/2093800
Hamburgare 20-p 1800g ICA,"219,00 kr","1.8kg 121,67 kr/kg",254 kcal,1056 kJ,20 g,8.8 g,4.4 g,0.5 g,,13 g,1.2 g,,,,,,,,,,,,,,,https://handlaprivatkund.ica.se/stores/1004181/products/hamburgare-20-p-1800g-ica/2161428
Haricots verts Fryst Ekologisk 450g ICA I love eco,"29,90 kr","0.45kg 66,44 kr/kg",,,,,,,,,,,,,,,,,,,,,,,,https://handlaprivatkund.ica.se/stores/1004181/products/haricots-verts-fryst-ekologisk-450g-ica-i-love-eco/1344595
Farfars Delikatessköttbullar 400g Dafgård,"41,90 kr","0.4kg 104,75 kr/kg",155 kcal,649 kJ,12 g,4.6 g,6.5 g,1.7 g,0.9 g,4.7 g,1.2 g,,,,,,,,,,,,,,,https://handlaprivatkund.ica.se/stores/1004181/products/farfars-delikatessk%C3%B6ttbullar-400g-dafg%C3%A5rd/2093859
Torsk & laxtärningar Fryst 300g ICA,"108,00 kr","0.3kg 360,00 kr/kg",460 kcal,110 kJ,10 g,2 g,0 g,0 g,,18 g,0.17 g,,,,,,,,,,,,,,,https://handlaprivatkund.ica.se/stores/1004181/products/torsk-laxt%C3%A4rningar-fryst-300g-ica/1309030
Gräddglass Vanilj utan tillsatt socker 750ml SIA Glass,"49,90 kr","0.75L 66,53 kr/l",190 kcal,800 kJ,12 g,7.8 g,14 g,6 g,8.9 g,3.8 g,0.1 g,,0 µg,0 µg,0 µg,0 µg,,,,,,,,,,https://handlaprivatkund.ica.se/stores/1004181/products/gr%C3%A4ddglass-vanilj-utan-tillsatt-socker-750ml-sia-glass/2086115
Ramslök 40g ICA,"14,90 kr","0.04kg 372,50 kr/kg",32 kcal,132 kJ,0.5 g,0.1 g,1.6 g,1.6 g,3.4 g,3.5 g,0.03 g,,,,,,,,,,,,,,,https://handlaprivatkund.ica.se/stores/1004181/products/ramsl%C3%B6k-40g-ica/2105045
Pan Pizza Halloumi Dream 170g Billys,"18,90 kr","0.17kg 111,18 kr/kg",241 kcal,1009 kJ,9.8 g,4.4 g,27 g,1.9 g,1.6 g,10 g,1.1 g,,,,,,,,,,,,,,,https://handlaprivatkund.ica.se/stores/1004181/products/pan-pizza-halloumi-dream-170g-billys/2045720
Rödspättafiléer Fryst 400g ICA,"102,00 kr","0.4kg 255,00 kr/kg",70 kcal,310 kJ,1.1 g,0.5 g,0 g,0 g,,15 g,0.4 g,,,,,,,,,,,,,,,https://handlaprivatkund.ica.se/stores/1004181/products/r%C3%B6dsp%C3%A4ttafil%C3%A9er-fryst-400g-ica/1373762
Black & white Måltid Fryst 380g Findus,"44,90 kr","0.38kg 118,16 kr/kg",153 kcal,635 kJ,9.5 g,4 g,11 g,1.5 g,2.1 g,4.7 g,0.94 g,,,,,,,,,,,,,,,https://handlaprivatkund.ica.se/stores/1004181/products/black-white-m%C3%A5ltid-fryst-380g-findus/2093841
Farmarbiff 440g Dafgård,"41,90 kr","0.44kg 95,23 kr/kg",154 kcal,643 kJ,9.2 g,3.7 g,13 g,2.5 g,1.4 g,4.9 g,1 g,,,,,,,,,,,,,,,https://handlaprivatkund.ica.se/stores/1004181/products/farmarbiff-440g-dafg%C3%A5rd/2093876
Pizza X-tra allt Pepperoni 350g Grandiosa,"60,00 kr","0.35kg 171,43 kr/kg",290 kcal,1214 kJ,16 g,6.2 g,24 g,2 g,,12 g,1.2 g,,,,,,,,,,,,,,,https://handlaprivatkund.ica.se/stores/1004181/products/pizza-x-tra-allt-pepperoni-350g-grandiosa/2077945
Piggelin 10-p 550ml GB Glace,"56,00 kr","10 per frp 5,60 kr/st",50 kcal,210 kJ,0.5 g,0.1 g,12 g,12 g,0.5 g,0.5 g,0.01 g,,,,,,,,,,,,,,,https://handlaprivatkund.ica.se/stores/1004181/products/piggelin-10-p-550ml-gb-glace/2094359
Kebabpaj 210g Felix,"40,90 kr","0.21kg 194,76 kr/kg",276 kcal,1155 kJ,18 g,9.9 g,17 g,2.3 g,,10 g,1 g,,,,,,,,,,,,,,,https://handlaprivatkund.ica.se/stores/1004181/products/kebabpaj-210g-felix/2142925
Edamame bönor Fryst 500g ICA Selection,"33,90 kr","0.5kg 67,80 kr/kg",130 kcal,546 kJ,6.4 g,0.7 g,4.9 g,1.7 g,5.1 g,11 g,0.02 g,,,,,,,,,,,,,,,https://handlaprivatkund.ica.se/stores/1004181/products/edamame-b%C3%B6nor-fryst-500g-ica-selection/1346431
Löjrom Fryst 80g Pandalus,"161,00 kr","0.08kg 2 012,50 kr/kg",160 kcal,680 kJ,8.5 g,1.9 g,3.9 g,0.5 g,,17 g,3.5 g,,,,,,,,,,,,,,,https://handlaprivatkund.ica.se/stores/1004181/products/l%C3%B6jrom-fryst-80g-pandalus/1323492
Sockerärtor Fryst 200g ICA,"32,90 kr","0.2kg 164,50 kr/kg",50 kcal,220 kJ,0.5 g,0 g,6 g,4 g,6 g,3.5 g,0 g,,,,,,,,,,,,,,,https://handlaprivatkund.ica.se/stores/1004181/products/socker%C3%A4rtor-fryst-200g-ica/2009020
Kaka Cookies Cream Fryst 400g Oreo,"75,00 kr","0.4kg 187,50 kr/kg",365 kcal,1522 kJ,22 g,10 g,36 g,27 g,,4.4 g,0.52 g,,,,,,,,,,,,,,,https://handlaprivatkund.ica.se/stores/1004181/products/kaka-cookies-cream-fryst-400g-oreo/2000508
Stenugnsbakad pizza Hawaii Fryst 370g ICA,"41,90 kr","0.37kg 113,24 kr/kg",204 kcal,858 kJ,5.7 g,2.6 g,27 g,5.5 g,2.1 g,11 g,1.1 g,,,,,,,,,,,,,,,https://handlaprivatkund.ica.se/stores/1004181/products/stenugnsbakad-pizza-hawaii-fryst-370g-ica/1413474
Jordgubbar Fryst 250g ICA,"28,90 kr","0.25kg 115,60 kr/kg",40 kcal,150 kJ,0.5 g,0 g,6.5 g,6.3 g,2 g,0.8 g,0 g,,,,98 µg,,,,,,,,,35 mg,,https://handlaprivatkund.ica.se/stores/1004181/products/jordgubbar-fryst-250g-ica/1026470
Glass Sandwich 6-p ICA,"53,00 kr","6 per frp 8,83 kr/st",319 kcal,1342 kJ,12 g,9.2 g,47 g,24 g,,5.1 g,0.24 g,,,,,,,,,,,,,,,https://handlaprivatkund.ica.se/stores/1004181/products/glass-sandwich-6-p-ica/2076117
Glass Sandwich original 6-p GB Glace,"61,00 kr","6 per frp 10,17 kr/st",187 kcal,785 kJ,7.3 g,6.7 g,27 g,16 g,,3.1 g,0.29 g,,,,,,,,,,,,,,,https://handlaprivatkund.ica.se/stores/1004181/products/glass-sandwich-original-6-p-gb-glace/1330572
Falafel Vegansk Fryst 900g Anamma,"114,00 kr","0.9kg 126,67 kr/kg",305 kcal,1275 kJ,18 g,1.3 g,25 g,1.3 g,5.3 g,9 g,1.1 g,,,,,,,,,,,,,,,https://handlaprivatkund.ica.se/stores/1004181/products/falafel-vegansk-fryst-900g-anamma/2011359
Dumplings Kyckling 400g ICA Basic,"42,90 kr","0.4kg 107,25 kr/kg",159 kcal,670 kJ,3 g,0.1 g,21 g,0.4 g,1.9 g,11 g,0.89 g,,,,,,,,,,,,,,,https://handlaprivatkund.ica.se/stores/1004181/products/dumplings-kyckling-400g-ica-basic/2138900
Torskfiléer Fryst 600g ICA,"166,00 kr","0.6kg 276,67 kr/kg",85 kcal,359 kJ,0.5 g,0.1 g,0 g,0 g,,18 g,0.2 g,,,,,,,,,,,,,,,https://handlaprivatkund.ica.se/stores/1004181/products/torskfil%C3%A9er-fryst-600g-ica/1430802
Chili sin Carne 400g Findus,"48,90 kr","0.4kg 122,25 kr/kg",95 kcal,398 kJ,2.7 g,0.4 g,13 g,2.4 g,1.8 g,3.7 g,0.51 g,,,,,,,,,,,,,,,https://handlaprivatkund.ica.se/stores/1004181/products/chili-sin-carne-400g-findus/2086108
Skaldjurspaj Fryst 220g Felix,"40,90 kr","0.22kg 185,91 kr/kg",275 kcal,1152 kJ,18 g,10 g,17 g,1.3 g,,11 g,0.88 g,,,,,,,,,,,,,,,https://handlaprivatkund.ica.se/stores/1004181/products/skaldjurspaj-fryst-220g-felix/1453786
Ananas 250g ICA,"28,90 kr","0.25kg 115,60 kr/kg",,,,,,,,,,,,,,,,,,,,,,,,https://handlaprivatkund.ica.se/stores/1004181/products/ananas-250g-ica/2043735
Glass Salted Caramel Brownie Peaces 160ml Ben & Jerrys,"72,00 kr","0.16L 450,00 kr/l",391 kcal,1635 kJ,25 g,9.3 g,36 g,31 g,,4.4 g,0.28 g,,,,,,,,,,,,,,,https://handlaprivatkund.ica.se/stores/1004181/products/glass-salted-caramel-brownie-peaces-160ml-ben-jerrys/2143312
Gammaldags gräddglass Mandelkrokant 1.75L Triumf Glass,"39,00 kr","1.75L 22,29 kr/l",200 kcal,850 kJ,9.4 g,6.1 g,26 g,26 g,,2.9 g,0.18 g,,,,,,,,,,,,,,,https://handlaprivatkund.ica.se/stores/1004181/products/gammaldags-gr%C3%A4ddglass-mandelkrokant-1-75l-triumf-glass/2101625
Stora blåbär Fryst 250g ICA,"30,90 kr","0.25kg 123,60 kr/kg",,,,,,,,,,,,,,,,,,,,,,,,https://handlaprivatkund.ica.se/stores/1004181/products/stora-bl%C3%A5b%C3%A4r-fryst-250g-ica/1351640
Köttbullar Klassiska frysta 700g Felix,"103,00 kr","0.7kg 147,14 kr/kg",230 kcal,962 kJ,17 g,6.8 g,5.9 g,1.2 g,,13 g,1.6 g,,,,,,,,,,,,,,,https://handlaprivatkund.ica.se/stores/1004181/products/k%C3%B6ttbullar-klassiska-frysta-700g-felix/2012353
Chicken Satay 350g Dafgårds,"51,00 kr","0.35kg 145,71 kr/kg",153 kcal,638 kJ,8.1 g,3.5 g,12 g,2.5 g,1.6 g,7.3 g,0.63 g,,,,,,,,,,,,,,,https://handlaprivatkund.ica.se/stores/1004181/products/chicken-satay-350g-dafg%C3%A5rds/2154137
Vegan Grillkorv 400g Peas of Heaven,"48,90 kr","0.4kg 122,25 kr/kg",180 kcal,730 kJ,14 g,4.4 g,3.4 g,0.6 g,,6.8 g,2 g,,1.25 µg,,,,,,,,,,,,0.23 mg,https://handlaprivatkund.ica.se/stores/1004181/products/vegan-grillkorv-400g-peas-of-heaven/2120488
Pommes Chips 600g Felix,"35,90 kr","0.6kg 59,83 kr/kg",104 kcal,434 kJ,5.3 g,0.5 g,12 g,0.5 g,,1 g,0 g,,,,,,,,,,,,,,,https://handlaprivatkund.ica.se/stores/1004181/products/pommes-chips-600g-felix/2153705
Kycklingpytt med rotsaker Fryst 700g ICA,"61,00 kr","0.7kg 87,14 kr/kg",110 kcal,450 kJ,3.7 g,0.5 g,12 g,2.9 g,,5.1 g,0.7 g,,,,,,,,,,,,,,,https://handlaprivatkund.ica.se/stores/1004181/products/kycklingpytt-med-rotsaker-fryst-700g-ica/1430237
Pommes strips Fryst 900g Felix,"38,90 kr","0.9kg 43,22 kr/kg",136 kcal,570 kJ,6.9 g,0.5 g,16 g,0.5 g,0 g,1.6 g,0 g,,,,,,,,,,,,,,,https://handlaprivatkund.ica.se/stores/1004181/products/pommes-strips-fryst-900g-felix/1006543
Super Crunch Premium Crinkle Fries 750g Aviko,"39,90 kr","0.75kg 53,20 kr/kg",160 kcal,673 kJ,5 g,0.6 g,25 g,1 g,2.5 g,2.5 g,0.15 g,,,,,,,,,,,,,,,https://handlaprivatkund.ica.se/stores/1004181/products/super-crunch-premium-crinkle-fries-750g-aviko/2094369
Chicken nuggets Fryst 350g Guldfågeln,"51,00 kr","0.35kg 145,71 kr/kg",270 kcal,1100 kJ,18 g,6 g,14 g,0.5 g,,12 g,1.4 g,,,,,,,,,,,,,,,https://handlaprivatkund.ica.se/stores/1004181/products/chicken-nuggets-fryst-350g-guldf%C3%A5geln/1008729
Glasspinne Mini mumsbit Jordgubb choklad & mandel 12-p 420g ICA,"61,00 kr","12 per frp 5,08 kr/st",342 kcal,1427 kJ,21 g,14 g,35 g,34 g,,3.7 g,0.27 g,,,,,,,,,,,,,,,https://handlaprivatkund.ica.se/stores/1004181/products/glasspinne-mini-mumsbit-jordgubb-choklad-mandel-12-p-420g-ica/1409340
Citronsorbet 500ml Triumf Glass,"24,90 kr","0.5L 49,80 kr/l",130 kcal,550 kJ,0.5 g,0.5 g,32 g,28 g,,0.5 g,0.02 g,,,,,,,,,,,,,,,https://handlaprivatkund.ica.se/stores/1004181/products/citronsorbet-500ml-triumf-glass/2109092
Oxpytt Nötkött Fryst 750g Findus,"66,00 kr","0.75kg 88,00 kr/kg",141 kcal,589 kJ,5.7 g,0.8 g,16 g,1.9 g,2 g,5.3 g,1.1 g,,,,,,,,,,,,,,,https://handlaprivatkund.ica.se/stores/1004181/products/oxpytt-n%C3%B6tk%C3%B6tt-fryst-750g-findus/2071068
Pizza Pockets Pepperoni 2-p 250g Findus,"39,90 kr","0.25kg 159,60 kr/kg",252 kcal,1058 kJ,8.3 g,3.2 g,33 g,3.1 g,2.7 g,10 g,1 g,,,,,,,,,,,,,,,https://handlaprivatkund.ica.se/stores/1004181/products/pizza-pockets-pepperoni-2-p-250g-findus/2144456
Gräddglass Churros 500ml Triumf Glass,"22,90 kr","0.5L 45,80 kr/l",220 kcal,950 kJ,12 g,7.5 g,26 g,22 g,,3.2 g,0.2 g,,,,,,,,,,,,,,,https://handlaprivatkund.ica.se/stores/1004181/products/gr%C3%A4ddglass-churros-500ml-triumf-glass/2130079
Glasspinne Gold Caramel 85ml Magnum,"34,90 kr",,325 kcal,1357 kJ,17 g,12 g,38 g,29 g,,4.4 g,0.33 g,,,,,,,,,,,,,,,https://handlaprivatkund.ica.se/stores/1004181/products/glasspinne-gold-caramel-85ml-magnum/2077268
Ugnsgrönsaker Garden Style 500g Findus,"46,90 kr","0.5kg 93,80 kr/kg",62 kcal,258 kJ,1.9 g,0.2 g,8 g,2.5 g,2.8 g,1.7 g,0.39 g,,,,,,255 µg,,,,,,,,,https://handlaprivatkund.ica.se/stores/1004181/products/ugnsgr%C3%B6nsaker-garden-style-500g-findus/2145777
Kycklinginnerfilé 700g ICA Basic,"63,00 kr","0.7kg 90,00 kr/kg",80 kcal,350 kJ,0.8 g,0.5 g,0 g,0 g,,19 g,0.4 g,,,,,,,,,,,,,,,https://handlaprivatkund.ica.se/stores/1004181/products/kycklinginnerfil%C3%A9-700g-ica-basic/2038611
Vannameiräkor XXL 400g ICA,"147,00 kr","0.4kg 367,50 kr/kg",,,,,,,,,,,,,,,,,,,,,,,,https://handlaprivatkund.ica.se/stores/1004181/products/vannameir%C3%A4kor-xxl-400g-ica/1493521
Crispies Fryst 8-p 370g Findus,"58,00 kr","0.37kg 156,76 kr/kg",247 kcal,1033 kJ,11 g,0.9 g,22 g,0.8 g,1.8 g,14 g,0.76 g,,,,,,,,,,,,,,,https://handlaprivatkund.ica.se/stores/1004181/products/crispies-fryst-8-p-370g-findus/2024855
Thai Cube Panang Curry Chicken 350g Kitchen Joy,"52,00 kr","0.35kg 148,57 kr/kg",152 kcal,638 kJ,4.6 g,3.6 g,21 g,3.7 g,0.9 g,6.1 g,0.61 g,,,,,,,,,,,,,,,https://handlaprivatkund.ica.se/stores/1004181/products/thai-cube-panang-curry-chicken-350g-kitchen-joy/2041645
Västerbottenost crispy bites 180g Lindströms Bites,"38,90 kr","0.18kg 216,11 kr/kg",285 kcal,1195 kJ,14 g,7 g,29 g,2.7 g,,10 g,1.9 g,,,,,,,,,,,,,,,https://handlaprivatkund.ica.se/stores/1004181/products/v%C3%A4sterbottenost-crispy-bites-180g-lindstr%C3%B6ms-bites/2142668
Pizza Tradizionale Speciale Fryst 400g Dr. Oetker,"60,00 kr","0.4kg 150,00 kr/kg",227 kcal,954 kJ,7.9 g,3 g,28 g,3.1 g,1.9 g,9.7 g,1.2 g,,,,,,,,,,,,,,,https://handlaprivatkund.ica.se/stores/1004181/products/pizza-tradizionale-speciale-fryst-400g-dr-oetker/2093796
Thai Cube Spicy sesame chicken 320g Kitchen Joy,"52,00 kr","0.32kg 162,50 kr/kg",132 kcal,554 kJ,3.2 g,0.6 g,18 g,7.5 g,2 g,6.7 g,1.1 g,,,,,,,,,,,,,,,https://handlaprivatkund.ica.se/stores/1004181/products/thai-cube-spicy-sesame-chicken-320g-kitchen-joy/2039343
Björnbär Fryst 250g ICA,"29,90 kr","0.25kg 119,60 kr/kg",,,,,,,,,,,,,,,,,,,,,,,,https://handlaprivatkund.ica.se/stores/1004181/products/bj%C3%B6rnb%C3%A4r-fryst-250g-ica/1123265
Bananglass Oh My Banoffee Pie 257ml Ben & Jerrys,"80,00 kr","0.427L 187,35 kr/l",246 kcal,1032 kJ,13 g,7.8 g,29 g,24 g,,2.6 g,0.27 g,,,,,,,,,,,,,,,https://handlaprivatkund.ica.se/stores/1004181/products/bananglass-oh-my-banoffee-pie-257ml-ben-jerrys/2093693
Pizza Vegomexicana Vegansk 350g Anamma,"52,00 kr","0.35kg 148,57 kr/kg",211 kcal,881 kJ,7.7 g,3.9 g,27 g,2.3 g,,7 g,1 g,,,,,,,,,,,,,,,https://handlaprivatkund.ica.se/stores/1004181/products/pizza-vegomexicana-vegansk-350g-anamma/2045784
Vannilla Pecan Blondie 465ml Ben & Jerrys,"80,00 kr","0.465L 172,04 kr/l",266 kcal,1115 kJ,16 g,8.9 g,27 g,25 g,,4.1 g,0.35 g,,,,,,,,,,,,,,,https://handlaprivatkund.ica.se/stores/1004181/products/vannilla-pecan-blondie-465ml-ben-jerrys/2120567
Utopia Double Cherry Glasspinne 1-p Magnum,"34,90 kr",,299 kcal,1252 kJ,14 g,9.6 g,38 g,29 g,1.7 g,2.8 g,0.15 g,,,,,,,,,,,,,,,https://handlaprivatkund.ica.se/stores/1004181/products/utopia-double-cherry-glasspinne-1-p-magnum/2154454
Glass Favorites Rocky Road 825ml GB Glace,"47,90 kr","0.825L 58,06 kr/l",205 kcal,860 kJ,7.8 g,5.6 g,29 g,26 g,1.7 g,3.5 g,0.12 g,,,,,,,,,,,,,,,https://handlaprivatkund.ica.se/stores/1004181/products/glass-favorites-rocky-road-825ml-gb-glace/2130398
Skaldjursmix frysta 350g ICA,"81,00 kr","0.35kg 231,43 kr/kg",67 kcal,285 kJ,1.4 g,0.4 g,0.7 g,0 g,0 g,13 g,1.24 g,,,,,,,,,,,,,,,https://handlaprivatkund.ica.se/stores/1004181/products/skaldjursmix-frysta-350g-ica/2053742
Glass Dumlestrut 1-p Fazer,"38,90 kr",,308 kcal,1291 kJ,16 g,11 g,38 g,27 g,,3.1 g,0.33 g,,,,,,,,,,,,,,,https://handlaprivatkund.ica.se/stores/1004181/products/glass-dumlestrut-1-p-fazer/2014829
Svenska Köttbullar 1000g ICA,"94,00 kr","1kg 94,00 kr/kg",250 kcal,1050 kJ,18 g,7 g,9 g,1.8 g,,12 g,1.5 g,,,,,,,,,,,,,,,https://handlaprivatkund.ica.se/stores/1004181/products/svenska-k%C3%B6ttbullar-1000g-ica/2021329
Ostschnitzel 390g Findus,"44,90 kr","0.39kg 115,13 kr/kg",177 kcal,736 kJ,11 g,1.8 g,14 g,2.2 g,1.8 g,4.5 g,0.59 g,,,,,,,,,,,,,,,https://handlaprivatkund.ica.se/stores/1004181/products/ostschnitzel-390g-findus/2108489
Pizza Ristorante Mozzarella Fryst 335g Dr. Oetker,"48,90 kr","0.355kg 137,75 kr/kg",238 kcal,998 kJ,11 g,3.9 g,23 g,2.9 g,2.1 g,10 g,0.92 g,,,,,,,,,,,,,,,https://handlaprivatkund.ica.se/stores/1004181/products/pizza-ristorante-mozzarella-fryst-335g-dr-oetker/2093811
Glasstrut Tip Top 150ml Heartbrand,"33,90 kr",,348 kcal,1457 kJ,23 g,14 g,34 g,24 g,,3.5 g,0.21 g,,,,,,,,,,,,,,,https://handlaprivatkund.ica.se/stores/1004181/products/glasstrut-tip-top-150ml-heartbrand/2054706
Söt Frukt & Bärblandning 500g ICA,"41,90 kr","0.5kg 83,80 kr/kg",,,,,,,,,,,,,,,,,,,,,,,,https://handlaprivatkund.ica.se/stores/1004181/products/s%C3%B6t-frukt-b%C3%A4rblandning-500g-ica/2100955
Hamburgare 8-p 720g ICA,"88,00 kr","0.72kg 122,22 kr/kg",254 kcal,1056 kJ,20 g,8.8 g,4.4 g,0.5 g,,13 g,1.2 g,,,,,,,,,,,,,,,https://handlaprivatkund.ica.se/stores/1004181/products/hamburgare-8-p-720g-ica/2161610
Glass Favorites Vanilla 900ml GB Glace,"40,90 kr","0.9L 45,44 kr/l",188 kcal,789 kJ,7.5 g,6.7 g,27 g,22 g,,2.6 g,0.14 g,,,,,,,,,,,,,,,https://handlaprivatkund.ica.se/stores/1004181/products/glass-favorites-vanilla-900ml-gb-glace/2130394
Fiskpinnar Frasiga Fryst 15-p 450g Findus,"54,00 kr","0.45kg 120,00 kr/kg",191 kcal,801 kJ,7.7 g,0.6 g,17 g,0.8 g,0.7 g,13 g,0.7 g,,,,,,,,,,,,,,,https://handlaprivatkund.ica.se/stores/1004181/products/fiskpinnar-frasiga-fryst-15-p-450g-findus/2024864
Calippo Supermix 5-p GB Glace,"61,00 kr","5 per frp 12,20 kr/st",,,,,,,,,,,,,,,,,,,,,,,,https://handlaprivatkund.ica.se/stores/1004181/products/calippo-supermix-5-p-gb-glace/2109026
Pizza Tradizionale Mozzarella E Pesto Fryst 385g Dr. Oetker,"60,00 kr","0.385kg 155,84 kr/kg",239 kcal,1004 kJ,9 g,3.1 g,30 g,3.4 g,2 g,8.7 g,0.94 g,,,,,,,,,,,,,,,https://handlaprivatkund.ica.se/stores/1004181/products/pizza-tradizionale-mozzarella-e-pesto-fryst-385g-dr-oetker/2093797
Kalops 400g Dafgård,"41,90 kr","0.4kg 104,75 kr/kg",87 kcal,364 kJ,3.7 g,1.3 g,7.5 g,1.8 g,1.2 g,5.4 g,1.1 g,,,,,,,,,,,,,,,https://handlaprivatkund.ica.se/stores/1004181/products/kalops-400g-dafg%C3%A5rd/2093874
Skomakarlåda 400g Dafgård,"41,90 kr","0.4kg 104,75 kr/kg",134 kcal,561 kJ,9.2 g,3.4 g,6.8 g,1.4 g,1 g,5.4 g,1.2 g,,,,,,,,,,,,,,,https://handlaprivatkund.ica.se/stores/1004181/products/skomakarl%C3%A5da-400g-dafg%C3%A5rd/2093870
Lingon 500g ICA,"55,00 kr","0.5kg 110,00 kr/kg",56 kcal,236 kJ,0.7 g,0 g,11 g,8.1 g,2.6 g,0.5 g,0 g,,,,,,,,,,,,,,,https://handlaprivatkund.ica.se/stores/1004181/products/lingon-500g-ica/2125998
Pannbiff 420g Dafgård,"51,00 kr","0.42kg 121,43 kr/kg",128 kcal,535 kJ,8 g,4 g,9 g,2.3 g,1 g,4.5 g,0.99 g,,,,,,,,,,,,,,,https://handlaprivatkund.ica.se/stores/1004181/products/pannbiff-420g-dafg%C3%A5rd/2077923
"Gräddglass Himmelsk röra 0,5l Triumf Glass","24,90 kr","0.5L 49,80 kr/l",230 kcal,950 kJ,12 g,6.3 g,27 g,25 g,,2.5 g,0.1 g,,,,,,,,,,,,,,,https://handlaprivatkund.ica.se/stores/1004181/products/gr%C3%A4ddglass-himmelsk-r%C3%B6ra-0-5l-triumf-glass/1456575
Wok Kyckling röd curry Fryst 350g ICA,"43,90 kr","0.35kg 125,43 kr/kg",150 kcal,600 kJ,3.7 g,2.9 g,21 g,3.3 g,1 g,6.4 g,0.9 g,,,,,,,,,,,,,,,https://handlaprivatkund.ica.se/stores/1004181/products/wok-kyckling-r%C3%B6d-curry-fryst-350g-ica/1490117
Gräddstuvad oxpytt Fryst 1kg Findus,"84,00 kr","1kg 84,00 kr/kg",133 kcal,557 kJ,7.6 g,2.2 g,12 g,1.1 g,1.7 g,3.2 g,0.56 g,,,,,,,,,,,,,,,https://handlaprivatkund.ica.se/stores/1004181/products/gr%C3%A4ddstuvad-oxpytt-fryst-1kg-findus/1432999
Blåbärspaj Fryst 400g Frödinge,"43,90 kr","0.4kg 109,75 kr/kg",275 kcal,1150 kJ,10 g,5.5 g,43 g,20 g,,3.5 g,0.3 g,,,,,,,,,,,,,,,https://handlaprivatkund.ica.se/stores/1004181/products/bl%C3%A5b%C3%A4rspaj-fryst-400g-fr%C3%B6dinge/1388407
Penne rosse piccanti Måltid Fryst 380g Felix,"63,00 kr","0.38kg 165,79 kr/kg",136 kcal,567 kJ,3.6 g,1.9 g,19 g,2.4 g,,5.9 g,0.75 g,,,,,,,,,,,,,,,https://handlaprivatkund.ica.se/stores/1004181/products/penne-rosse-piccanti-m%C3%A5ltid-fryst-380g-felix/1384115
Torskfilé Sprödbakad Fryst 4-p 360g Findus,"80,00 kr","0.36kg 222,22 kr/kg",220 kcal,922 kJ,9.5 g,0.7 g,21 g,0.7 g,1.2 g,12 g,0.69 g,,,,,13 µg,,,,,,,,,,https://handlaprivatkund.ica.se/stores/1004181/products/torskfil%C3%A9-spr%C3%B6dbakad-fryst-4-p-360g-findus/2024859
Glasspinne Classic 110ml Magnum,"33,90 kr",,217 kcal,909 kJ,13 g,9.2 g,22 g,19 g,,2.3 g,0.09 g,,,,,,,,,,,,,,,https://handlaprivatkund.ica.se/stores/1004181/products/glasspinne-classic-110ml-magnum/2054668
Super Crunch Premium fries 750g Aviko,"39,90 kr","0.75kg 53,20 kr/kg",155 kcal,645 kJ,3.5 g,0.4 g,26.5 g,1 g,2.5 g,2.5 g,0.15 g,,,,,,,,,,,,,,,https://handlaprivatkund.ica.se/stores/1004181/products/super-crunch-premium-fries-750g-aviko/2033432
Glasspinne Push-Up 1p Haribo,"22,90 kr",,157 kcal,656 kJ,3.3 g,3 g,27 g,20 g,3.1 g,2.1 g,0.01 g,,,,,,,,,,,,,,,https://handlaprivatkund.ica.se/stores/1004181/products/glasspinne-push-up-1p-haribo/2154460
Spagetti Bolognese 400g Dafgård,"41,90 kr","0.4kg 104,75 kr/kg",128 kcal,535 kJ,4.3 g,1.9 g,16 g,2 g,1.4 g,6.3 g,1.1 g,,,,,,,,,,,,,,,https://handlaprivatkund.ica.se/stores/1004181/products/spagetti-bolognese-400g-dafg%C3%A5rd/2093867
Tärnad avokado Fryst 250g ICA,"32,90 kr","0.25kg 131,60 kr/kg",144 kcal,604 kJ,14 g,3.6 g,0.5 g,0.5 g,,1.7 g,0.3 g,,,,,,,,,,,,,,,https://handlaprivatkund.ica.se/stores/1004181/products/t%C3%A4rnad-avokado-fryst-250g-ica/1462728
Gräddglass Kolastrutar 6-p 780ml Sia Glass,"59,00 kr","6 per frp 9,83 kr/st",280 kcal,1200 kJ,15 g,10 g,33 g,24 g,0 g,3.6 g,0.2 g,0 g,0 µg,0 µg,0 µg,0 µg,,,,,,,,,,https://handlaprivatkund.ica.se/stores/1004181/products/gr%C3%A4ddglass-kolastrutar-6-p-780ml-sia-glass/1509552
Glass Kladdkaka 1.5L SIA GLASS,"55,00 kr","1.5L 36,67 kr/l",220 kcal,900 kJ,10 g,6.7 g,27 g,25 g,0 g,4.3 g,0.1 g,0 g,0 µg,0 µg,0 µg,0 µg,,,,,,,,,,https://handlaprivatkund.ica.se/stores/1004181/products/glass-kladdkaka-1-5l-sia-glass/2129995
Glasstrut Lovely Vanilla 1st Choice,"33,90 kr",,301 kcal,1259 kJ,11 g,8 g,48 g,29 g,,1.5 g,0.22 g,,,,,,,,,,,,,,,https://handlaprivatkund.ica.se/stores/1004181/products/glasstrut-lovely-vanilla-1st-choice/2102702
Schnitzel Cordon Bleu 400g Findus,"48,90 kr","0.4kg 122,25 kr/kg",151 kcal,633 kJ,6.8 g,1.4 g,15 g,2.9 g,2.6 g,6.2 g,0.73 g,,,,,,,,,,,,,,,https://handlaprivatkund.ica.se/stores/1004181/products/schnitzel-cordon-bleu-400g-findus/2142894
Mozzarellasticks Fryst 250g Lindströms Bites,"38,90 kr","0.25kg 155,60 kr/kg",303 kcal,1273 kJ,15 g,8.4 g,24 g,1.1 g,,16 g,1.5 g,,,,,,,,,,,,,,,https://handlaprivatkund.ica.se/stores/1004181/products/mozzarellasticks-fryst-250g-lindstr%C3%B6ms-bites/1426111
Vego Pytt 700g Findus,"70,00 kr","0.7kg 100,00 kr/kg",136 kcal,571 kJ,5.2 g,0.5 g,16 g,1.4 g,2.5 g,5.1 g,0.64 g,,,,,,,,,,,,,,,https://handlaprivatkund.ica.se/stores/1004181/products/vego-pytt-700g-findus/2108488
Kanelbullar Fryst 12-p 420g Findus,"48,90 kr","0.42kg 116,43 kr/kg",368 kcal,1551 kJ,11 g,2 g,60 g,24 g,2.7 g,6 g,0.25 g,,,,,,,,,,,,,,,https://handlaprivatkund.ica.se/stores/1004181/products/kanelbullar-fryst-12-p-420g-findus/2018357
Burgare Delifresh Plant Beef 4-p 90g Max,"64,00 kr","0.36kg 177,78 kr/kg",291 kcal,1217 kJ,23 g,13 g,5 g,1.7 g,2.3 g,16 g,1.2 g,,,,,,,,,,,,,,,https://handlaprivatkund.ica.se/stores/1004181/products/burgare-delifresh-plant-beef-4-p-90g-max/2054904
Päronsplitt 10-p GB Glace,"56,00 kr","10 per frp 5,60 kr/st",133 kcal,558 kJ,3.2 g,2.9 g,24 g,22 g,,1.4 g,0.07 g,,,,,,,,,,,,,,,https://handlaprivatkund.ica.se/stores/1004181/products/p%C3%A4ronsplitt-10-p-gb-glace/2094358
Pan Pizza Dreamy Mozzarella 170g Billys,"18,90 kr","0.17kg 111,18 kr/kg",240 kcal,1003 kJ,9.6 g,4.1 g,27 g,1.8 g,1.5 g,10 g,1.1 g,,,,,,,,,,,,,,,https://handlaprivatkund.ica.se/stores/1004181/products/pan-pizza-dreamy-mozzarella-170g-billys/2101435
Glass Daim Strawberry 825ml GB Glace,"47,90 kr","0.825L 58,06 kr/l",239 kcal,999 kJ,11 g,8.1 g,32 g,27 g,0.5 g,2.6 g,0.23 g,,,,,,,,,,,,,,,https://handlaprivatkund.ica.se/stores/1004181/products/glass-daim-strawberry-825ml-gb-glace/2154425
Grillad Kebab Fryst 500g ICA,"87,00 kr","0.5kg 174,00 kr/kg",310 kcal,1300 kJ,25 g,11 g,2.7 g,0.5 g,,17 g,1.7 g,,,,,,,,,,,,,,,https://handlaprivatkund.ica.se/stores/1004181/products/grillad-kebab-fryst-500g-ica/2017975
Risotto Svamp & Vitlök 360g Felix,"61,00 kr","0.36kg 169,44 kr/kg",109 kcal,455 kJ,2.7 g,1.2 g,18 g,1.3 g,,2.8 g,0.75 g,,,,,,,,,,,,,,,https://handlaprivatkund.ica.se/stores/1004181/products/risotto-svamp-vitl%C3%B6k-360g-felix/2143252
Sprödpanerad torskfilé 4-p Fryst 360g ICA,"66,00 kr","0.36kg 183,33 kr/kg",219 kcal,920 kJ,10 g,0.8 g,19 g,0.9 g,0.7 g,13 g,0.76 g,,,,,,,,,,,,,,,https://handlaprivatkund.ica.se/stores/1004181/products/spr%C3%B6dpanerad-torskfil%C3%A9-4-p-fryst-360g-ica/1008930
Super Crunch Skinny Fries 600g Aviko,"39,90 kr","0.6kg 66,50 kr/kg",192 kcal,803 kJ,8 g,1 g,27 g,0.2 g,1.8 g,2 g,0.4 g,,,,,,,,,,,,,,,https://handlaprivatkund.ica.se/stores/1004181/products/super-crunch-skinny-fries-600g-aviko/2120560
Glass Magnum Classic 110ml Magnum,"33,90 kr",,305 kcal,1272 kJ,18 g,13 g,30 g,27 g,,3.3 g,0.13 g,,,,,,,,,,,,,,,https://handlaprivatkund.ica.se/stores/1004181/products/glass-magnum-classic-110ml-magnum/2130094
Oat & carrot rolls Glutenfri Fryst 400g Elovena,"44,90 kr","0.4kg 112,25 kr/kg",237 kcal,991 kJ,7.4 g,0.9 g,35 g,3.6 g,6.6 g,4.3 g,1.1 g,,,,,,,,,,,,,,,https://handlaprivatkund.ica.se/stores/1004181/products/oat-carrot-rolls-glutenfri-fryst-400g-elovena/1413263
Thai Cube Red curry chicken 350g Kitchen Joy,"52,00 kr","0.35kg 148,57 kr/kg",,,,,,,,,,,,,,,,,,,,,,,,https://handlaprivatkund.ica.se/stores/1004181/products/thai-cube-red-curry-chicken-350g-kitchen-joy/2041647
Hallon Fryst 500g ICA Basic,"49,90 kr","0.5kg 99,80 kr/kg",40 kcal,160 kJ,0.5 g,0 g,5.4 g,3.4 g,3.7 g,1 g,0 g,,,,,,,,,,,,,,,https://handlaprivatkund.ica.se/stores/1004181/products/hallon-fryst-500g-ica-basic/1410807
Vårrullar Kött 6-st 600g Daloon,"62,00 kr","0.6kg 103,33 kr/kg",177 kcal,742 kJ,7.3 g,1 g,21 g,1.6 g,2.2 g,5.4 g,1 g,,,,,,,,,,,,,,,https://handlaprivatkund.ica.se/stores/1004181/products/v%C3%A5rrullar-k%C3%B6tt-6-st-600g-daloon/1509068
Oxpytt Fryst 1kg ICA,"62,00 kr","1kg 62,00 kr/kg",140 kcal,600 kJ,5.3 g,1.3 g,17 g,2.4 g,1.5 g,5.6 g,0.8 g,,,,,,,,,,,,,,,https://handlaprivatkund.ica.se/stores/1004181/products/oxpytt-fryst-1kg-ica/1413601
Burekpaj med spenat & ost Fryst 560g Plivit,"48,90 kr","0.56kg 87,32 kr/kg",252 kcal,1054 kJ,12.75 g,2.18 g,21.91 g,1.6 g,2.29 g,11.25 g,1.7 g,,,,,,,,,,,,,,,https://handlaprivatkund.ica.se/stores/1004181/products/burekpaj-med-spenat-ost-fryst-560g-plivit/1510044
Glass Almond 1-p Magnum,"33,90 kr",,327 kcal,1363 kJ,20 g,13 g,31 g,26 g,,4.6 g,0.11 g,,,,,,,,,,,,,,,https://handlaprivatkund.ica.se/stores/1004181/products/glass-almond-1-p-magnum/2130091
Hallon Fryst 250g ICA,"28,90 kr","0.25kg 115,60 kr/kg",30 kcal,140 kJ,0.5 g,0 g,6 g,4.1 g,3.7 g,1 g,,,,,,,,0.001 g,,,,,,,,https://handlaprivatkund.ica.se/stores/1004181/products/hallon-fryst-250g-ica/1026459
Stenugnsbakad pizza Mozzarella Fryst 375g ICA,"41,90 kr","0.375kg 111,73 kr/kg",224 kcal,942 kJ,8.6 g,3.8 g,25 g,4.5 g,2.1 g,10 g,1 g,,,,,,,,,,,,,,,https://handlaprivatkund.ica.se/stores/1004181/products/stenugnsbakad-pizza-mozzarella-fryst-375g-ica/1026460
Haricots verts Fryst 1000g ICA Basic,"26,90 kr","1kg 26,90 kr/kg",,,,,,,,,,,,,,,,,,,,,,,,https://handlaprivatkund.ica.se/stores/1004181/products/haricots-verts-fryst-1000g-ica-basic/1411054
Dumplings Anka & ingefära Fryst 16-p 320g ICA,"61,00 kr","0.32kg 190,63 kr/kg",160 kcal,650 kJ,4.6 g,0.5 g,24 g,4.1 g,,5.2 g,2.3 g,,,,,,,0.5 g,,,,,,,,https://handlaprivatkund.ica.se/stores/1004181/products/dumplings-anka-ingef%C3%A4ra-fryst-16-p-320g-ica/2009022
Glass Smultron 1.75ml Triumf Glass,"39,00 kr","1.75L 22,29 kr/l",190 kcal,800 kJ,9.3 g,6.1 g,24 g,24 g,,2.9 g,0.18 g,,,,,,,,,,,,,,,https://handlaprivatkund.ica.se/stores/1004181/products/glass-smultron-1-75ml-triumf-glass/2154442
Snickersglass 6-p Mars,"69,00 kr","6 per frp 11,50 kr/st",341 kcal,1425 kJ,20 g,9.4 g,34 g,25 g,,5.9 g,0.24 g,,,,,,,,,,,,,,,https://handlaprivatkund.ica.se/stores/1004181/products/snickersglass-6-p-mars/2094361
Falafel Fryst 450g Findus,"56,00 kr","0.45kg 124,44 kr/kg",228 kcal,951 kJ,12 g,0.8 g,21 g,1.8 g,4.1 g,6.9 g,1.2 g,,,,,,,,,,,,,,,https://handlaprivatkund.ica.se/stores/1004181/products/falafel-fryst-450g-findus/1347259
Gräddglass Cookies & Cream 500ml Triumf Glass,"24,90 kr","0.5L 49,80 kr/l",240 kcal,1000 kJ,13 g,7 g,26 g,23 g,,3.1 g,0.18 g,,,,,,,,,,,,,,,https://handlaprivatkund.ica.se/stores/1004181/products/gr%C3%A4ddglass-cookies-cream-500ml-triumf-glass/2086185
Strössel Choco 120g Dr.Oetker,"28,90 kr","0.12kg 240,83 kr/kg",385 kcal,1635 kJ,0.9 g,0.5 g,91 g,90 g,,2 g,0.18 g,,,,,,,,,,,,,,,https://handlaprivatkund.ica.se/stores/1004181/products/str%C3%B6ssel-choco-120g-dr-oetker/1466756
Schwarzwaldtårta Fryst 400g Frödinge,"83,00 kr","0.4kg 207,50 kr/kg",364 kcal,1525 kJ,24 g,15 g,35 g,34 g,,2.3 g,0.14 g,,,,,,,,,,,,,,,https://handlaprivatkund.ica.se/stores/1004181/products/schwarzwaldt%C3%A5rta-fryst-400g-fr%C3%B6dinge/1006412
Räkor Stora Skalade Frysta 200g ICA,"65,00 kr","0.2kg 325,00 kr/kg",,,,,,,,,,,,,,,,,,,,,,,,https://handlaprivatkund.ica.se/stores/1004181/products/r%C3%A4kor-stora-skalade-frysta-200g-ica/1513503
Wok Kyckling panang curry Fryst 350g ICA,"43,90 kr","0.35kg 125,43 kr/kg",154 kcal,650 kJ,4.8 g,3.5 g,21 g,3.5 g,0.8 g,6.3 g,0.7 g,,,,,,,,,,,,,,,https://handlaprivatkund.ica.se/stores/1004181/products/wok-kyckling-panang-curry-fryst-350g-ica/1490120
Glass Vanilj Jordgubb 500ml GB Gräddglass,"18,90 kr","0.5L 37,80 kr/l",186 kcal,777 kJ,5.5 g,3.7 g,31 g,26 g,,2.2 g,0.09 g,,,,,,,,,,,,,,,https://handlaprivatkund.ica.se/stores/1004181/products/glass-vanilj-jordgubb-500ml-gb-gr%C3%A4ddglass/2067312
Gräddglass Vanilj 500ml SIA Glass,"24,90 kr","0.5L 49,80 kr/l",210 kcal,850 kJ,10 g,6.8 g,23 g,22 g,0.5 g,3.8 g,0.1 g,0.5 g,0 µg,0 µg,0 µg,0 µg,,,,,,,,,,https://handlaprivatkund.ica.se/stores/1004181/products/gr%C3%A4ddglass-vanilj-500ml-sia-glass/1008723
Chicken Tikka Masala Thai Cube 350g Kitchen Joy,"52,00 kr","0.35kg 148,57 kr/kg",145 kcal,612 kJ,3.8 g,1.6 g,21 g,1.3 g,0.9 g,6.3 g,0.54 g,,,,,,,,,,,,,,,https://handlaprivatkund.ica.se/stores/1004181/products/chicken-tikka-masala-thai-cube-350g-kitchen-joy/2039334
Pizza Supreme 190g Grandiosa,"27,90 kr","0.19kg 146,84 kr/kg",232 kcal,972 kJ,8.3 g,2.3 g,29 g,2.8 g,,9.2 g,1.2 g,,,,,,,,,,,,,,,https://handlaprivatkund.ica.se/stores/1004181/products/pizza-supreme-190g-grandiosa/2067429
Spagetti Carbonara 390g Dafgård,"41,90 kr","0.39kg 107,44 kr/kg",167 kcal,700 kJ,8.1 g,4.3 g,17 g,1.5 g,0.8 g,6.2 g,1.1 g,,,,,,,,,,,,,,,https://handlaprivatkund.ica.se/stores/1004181/products/spagetti-carbonara-390g-dafg%C3%A5rd/2093871
Pirog Chili cheese 140g Gorbys,"17,90 kr","0.14kg 127,86 kr/kg",248 kcal,1037 kJ,7.8 g,2.9 g,35 g,1.9 g,1.9 g,8.2 g,1.4 g,,,,,,,,,,,,,,,https://handlaprivatkund.ica.se/stores/1004181/products/pirog-chili-cheese-140g-gorbys/2093748
Pommes strips extra krispiga 750g ICA,"32,90 kr","0.75kg 43,87 kr/kg",162 kcal,681 kJ,4.4 g,0.6 g,27 g,0.5 g,2.3 g,2.4 g,0.7 g,,,,,,,,,,,,,,,https://handlaprivatkund.ica.se/stores/1004181/products/pommes-strips-extra-krispiga-750g-ica/2132738
Grönsakspaj med fullkorn Fryst 220g ICA,"36,90 kr","0.22kg 167,73 kr/kg",197 kcal,823 kJ,9.9 g,4.7 g,19 g,2.6 g,1.4 g,7.2 g,0.9 g,,,,,,,,,,,,,,,https://handlaprivatkund.ica.se/stores/1004181/products/gr%C3%B6nsakspaj-med-fullkorn-fryst-220g-ica/1387328
Köttbullar Små delikatess Fryst 500g Dafgård,"62,00 kr","0.5kg 124,00 kr/kg",236 kcal,986 kJ,18 g,7.6 g,3.4 g,2 g,0.6 g,14 g,1.6 g,,,,,,,,,,,,,,,https://handlaprivatkund.ica.se/stores/1004181/products/k%C3%B6ttbullar-sm%C3%A5-delikatess-fryst-500g-dafg%C3%A5rd/2025035
Burekpaj Köttfärs Fryst 560g 4-p Plivit,"66,00 kr","0.56kg 117,86 kr/kg",256 kcal,1070 kJ,13.81 g,3.45 g,21.06 g,1 g,4.06 g,9.92 g,1.75 g,,,,,,,,,,,,,,,https://handlaprivatkund.ica.se/stores/1004181/products/burekpaj-k%C3%B6ttf%C3%A4rs-fryst-560g-4-p-plivit/1510041
Pommes frites Ziggy fries Fryst 750g Lamb weston,"48,90 kr","0.75kg 65,20 kr/kg",161 kcal,677 kJ,6.3 g,0.8 g,23 g,0.5 g,2.7 g,2.3 g,0.55 g,,,,,,,,,,,,,,,https://handlaprivatkund.ica.se/stores/1004181/products/pommes-frites-ziggy-fries-fryst-750g-lamb-weston/2018381
Veganska bullar 300g Hälsans kök,"53,00 kr","0.3kg 176,67 kr/kg",175 kcal,735 kJ,5 g,0.6 g,10 g,1 g,5 g,20 g,1.4 g,,,,,,,,,,,,,,,https://handlaprivatkund.ica.se/stores/1004181/products/veganska-bullar-300g-h%C3%A4lsans-k%C3%B6k/1498158
Glass Sunny Honey 465 ml Ben & Jerrys,"80,00 kr","0.465L 172,04 kr/l",258 kcal,1082 kJ,14 g,9.7 g,28 g,22 g,,4 g,0.21 g,,,,,,,,,,,,,,,https://handlaprivatkund.ica.se/stores/1004181/products/glass-sunny-honey-465-ml-ben-jerrys/2115952
Koriander Finhackad Fryst 40g ICA,"14,90 kr","0.04kg 372,50 kr/kg",30 kcal,140 kJ,0.8 g,0.5 g,0.5 g,0.5 g,5.7 g,3.4 g,0.1 g,,,,,,,,,,,,,,,https://handlaprivatkund.ica.se/stores/1004181/products/koriander-finhackad-fryst-40g-ica/1475172
Kebabspett Halal 600g Hacksta Halal,"97,00 kr","0.6kg 161,67 kr/kg",245 kcal,1016 kJ,20 g,8.7 g,1.4 g,0.5 g,,14 g,0.85 g,,,,,,,,,,,,,,,https://handlaprivatkund.ica.se/stores/1004181/products/kebabspett-halal-600g-hacksta-halal/2108914
Bläckfiskringar Fryst 250g Pandalus,"44,90 kr","0.25kg 179,60 kr/kg",,,,,,,,,,,,,,,,,,,,,,,,https://handlaprivatkund.ica.se/stores/1004181/products/bl%C3%A4ckfiskringar-fryst-250g-pandalus/1008732
Tortellini Ricotta & spenat Fryst 350g ICA,"48,90 kr","0.35kg 139,71 kr/kg",102 kcal,431 kJ,2.7 g,1.6 g,14 g,2 g,1.5 g,5.2 g,0.67 g,,,,,,,,,,,,,,,https://handlaprivatkund.ica.se/stores/1004181/products/tortellini-ricotta-spenat-fryst-350g-ica/1393894
Pizza Rustica double pepperoni 565g Dr. Oetker,"74,00 kr","0.565kg 130,97 kr/kg",267 kcal,1119 kJ,12 g,4.9 g,27 g,2.9 g,2.2 g,11 g,1.3 g,,,,,,,,,,,,,,,https://handlaprivatkund.ica.se/stores/1004181/products/pizza-rustica-double-pepperoni-565g-dr-oetker/2130915
Vårrullar Grönsaker 6-st 600g Daloon,"52,00 kr","0.6kg 86,67 kr/kg",172 kcal,721 kJ,6.8 g,0.5 g,23 g,3.4 g,2.6 g,3.4 g,0.97 g,,,,,,,,,,,,,,,https://handlaprivatkund.ica.se/stores/1004181/products/v%C3%A5rrullar-gr%C3%B6nsaker-6-st-600g-daloon/1509066
Isbitar 2kg ICA,"35,90 kr","2kg 17,95 kr/kg",,,,,,,,,,,,,,,,,,,,,,,,https://handlaprivatkund.ica.se/stores/1004181/products/isbitar-2kg-ica/1488346
Karins Lasagne 390g Dafgård,"41,90 kr","0.39kg 107,44 kr/kg",163 kcal,680 kJ,7.1 g,3.8 g,18 g,2.6 g,0.8 g,6.6 g,0.92 g,,,,,,,,,,,,,,,https://handlaprivatkund.ica.se/stores/1004181/products/karins-lasagne-390g-dafg%C3%A5rd/2093858
Hummer kokt fryst 375g Pandalus,"205,00 kr","0.375kg 546,67 kr/kg u. spad",84 kcal,356 kJ,0.9 g,0.2 g,0 g,0 g,,19 g,1.2 g,,,,,,,,,,,,,,,https://handlaprivatkund.ica.se/stores/1004181/products/hummer-kokt-fryst-375g-pandalus/2120672
Röd chili Hackad Fryst 50g ICA,"15,90 kr","0.05kg 318,00 kr/kg",33 kcal,138 kJ,0.5 g,0 g,4.2 g,4.2 g,2.8 g,0.9 g,0.01 g,,,,,,,,,,,,,,,https://handlaprivatkund.ica.se/stores/1004181/products/r%C3%B6d-chili-hackad-fryst-50g-ica/1513735
Gräddglass Pecannötkola 500ml SIA Glass,"24,90 kr","0.5L 49,80 kr/l",220 kcal,900 kJ,11 g,6.2 g,27 g,24 g,0.5 g,3.7 g,0.1 g,,0 µg,0 µg,0 µg,0 µg,,,,,,,,,,https://handlaprivatkund.ica.se/stores/1004181/products/gr%C3%A4ddglass-pecann%C3%B6tkola-500ml-sia-glass/1424154
Maränger 120g ICA,"28,90 kr","0.12kg 240,83 kr/kg",,,,,,,,,,,,,,,,,,,,,,,,https://handlaprivatkund.ica.se/stores/1004181/products/mar%C3%A4nger-120g-ica/1346026
"Gräddglass Blåbär Laktosfri 0,5l Triumf Glass","24,90 kr","0.5L 49,80 kr/l",200 kcal,800 kJ,9.5 g,6.2 g,24 g,24 g,,4 g,0.11 g,,,,,,,,,,,,,,,https://handlaprivatkund.ica.se/stores/1004181/products/gr%C3%A4ddglass-bl%C3%A5b%C3%A4r-laktosfri-0-5l-triumf-glass/1470285
Lasagnette 380g Findus,"44,90 kr","0.38kg 118,16 kr/kg",142 kcal,597 kJ,5.9 g,2.2 g,15 g,3.2 g,1.5 g,6.4 g,0.84 g,,,,,,,,,,,,,,,https://handlaprivatkund.ica.se/stores/1004181/products/lasagnette-380g-findus/2093842
Palak Bowl Indisk 380g Felix,"66,00 kr","0.38kg 173,68 kr/kg",102 kcal,426 kJ,4.5 g,2.7 g,9.9 g,1.6 g,2.2 g,4.4 g,0.71 g,,,,,,,,,,,,,,,https://handlaprivatkund.ica.se/stores/1004181/products/palak-bowl-indisk-380g-felix/2077944
Kycklingschnitzel 380g Dafgård,"41,90 kr","0.38kg 110,26 kr/kg",144 kcal,603 kJ,6.9 g,2.1 g,13 g,1.8 g,1.4 g,6.4 g,0.95 g,,,,,,,,,,,,,,,https://handlaprivatkund.ica.se/stores/1004181/products/kycklingschnitzel-380g-dafg%C3%A5rd/2143254
Burgare 400g Farmers & Chefs,"74,00 kr","0.4kg 185,00 kr/kg",185 kcal,774 kJ,9.4 g,0.8 g,14 g,1.6 g,6.2 g,8.4 g,1.2 g,,,,,,,,,,,,,,,https://handlaprivatkund.ica.se/stores/1004181/products/burgare-400g-farmers-chefs/2154359
Fläskschnitzel 420g Dafgård,"41,90 kr","0.42kg 99,76 kr/kg",136 kcal,569 kJ,5.7 g,1.3 g,14 g,1.1 g,2.3 g,5.8 g,1.1 g,,,,,,,,,,,,,,,https://handlaprivatkund.ica.se/stores/1004181/products/fl%C3%A4skschnitzel-420g-dafg%C3%A5rd/2093860
Kycklingköttbullar Fryst 600g ICA,"60,00 kr","0.6kg 100,00 kr/kg",240 kcal,1000 kJ,17 g,4.5 g,10 g,0.5 g,,12 g,1.6 g,,,,,,,,,,,,,,,https://handlaprivatkund.ica.se/stores/1004181/products/kycklingk%C3%B6ttbullar-fryst-600g-ica/2038504
Pizza Queen Kantarell 310g Grandiosa,"65,00 kr","0.31kg 209,68 kr/kg",237 kcal,991 kJ,12 g,6.5 g,23 g,1 g,,9 g,0.86 g,,,,,,,,,,,,,,,https://handlaprivatkund.ica.se/stores/1004181/products/pizza-queen-kantarell-310g-grandiosa/2119834
Ugnsrostad Kyckling 390g Dafgård,"41,90 kr","0.39kg 107,44 kr/kg",118 kcal,496 kJ,3.9 g,1.5 g,14 g,4.5 g,2.1 g,5.9 g,0.83 g,,,,,,,,,,,,,,,https://handlaprivatkund.ica.se/stores/1004181/products/ugnsrostad-kyckling-390g-dafg%C3%A5rd/2093862
Bakdekor Hearts 40g Dr. Oetker,"20,90 kr","0.04kg 522,50 kr/kg",424 kcal,1795 kJ,5.3 g,3.2 g,93 g,86 g,,0.6 g,0.01 g,,,,,,,,,,,,,,,https://handlaprivatkund.ica.se/stores/1004181/products/bakdekor-hearts-40g-dr-oetker/2014933
Ost & skinkpaj Fryst 220g Felix,"37,90 kr","0.22kg 172,27 kr/kg",280 kcal,1172 kJ,19 g,11 g,15 g,1.6 g,,11 g,1.1 g,,,,,,,,,,,,,,,https://handlaprivatkund.ica.se/stores/1004181/products/ost-skinkpaj-fryst-220g-felix/1453776
Kyckling & broccolipaj Fryst 215g Felix,"40,90 kr","0.215kg 190,23 kr/kg",267 kcal,1118 kJ,17 g,9.4 g,18 g,2.6 g,,9.6 g,1.1 g,,,,,,,,,,,,,,,https://handlaprivatkund.ica.se/stores/1004181/products/kyckling-broccolipaj-fryst-215g-felix/1453784
Vegetariska vårrullar 800g ICA Basic,"56,00 kr","0.8kg 70,00 kr/kg",155 kcal,648 kJ,6.3 g,0.6 g,20 g,2.6 g,1.9 g,3.6 g,1.26 g,,,,,,,,,,,,,,,https://handlaprivatkund.ica.se/stores/1004181/products/vegetariska-v%C3%A5rrullar-800g-ica-basic/2151926
Glass After Dinner 8-p Magnum,"54,00 kr","8 per frp 6,75 kr/st",287 kcal,1203 kJ,19 g,13 g,25 g,23 g,,3.3 g,0.12 g,,,,,,,,,,,,,,,https://handlaprivatkund.ica.se/stores/1004181/products/glass-after-dinner-8-p-magnum/2144153
Blåbär Fryst 250g KRAV ICA I love eco,"41,90 kr","0.25kg 167,60 kr/kg",,,,,,,,,,,,,,,,,,,,,,,,https://handlaprivatkund.ica.se/stores/1004181/products/bl%C3%A5b%C3%A4r-fryst-250g-krav-ica-i-love-eco/1499606
Sprödpanerade räkor 300g Royal Greenland,"95,00 kr","0.3kg 316,67 kr/kg",247 kcal,1038 kJ,11 g,0.9 g,26 g,1.7 g,,11 g,1.2 g,,,,,,,,,,,,,,,https://handlaprivatkund.ica.se/stores/1004181/products/spr%C3%B6dpanerade-r%C3%A4kor-300g-royal-greenland/4000937
Glasstrut Cornetto Classico 1-p Cornetto,"29,90 kr",,326 kcal,1366 kJ,20 g,14 g,34 g,23 g,1.4 g,3.7 g,0.27 g,,,,,,,,,,,,,,,https://handlaprivatkund.ica.se/stores/1004181/products/glasstrut-cornetto-classico-1-p-cornetto/2154458
Glasstrut Jordgubb 1-p Cornetto,"29,90 kr",,262 kcal,1096 kJ,11 g,8.2 g,39 g,29 g,,2.1 g,0.23 g,,,,,,,,,,,,,,,https://handlaprivatkund.ica.se/stores/1004181/products/glasstrut-jordgubb-1-p-cornetto/2154457
Gräslök Finhackad Fryst 40g ICA,"14,90 kr","0.04kg 372,50 kr/kg",30 kcal,130 kJ,0.6 g,0.5 g,1.6 g,1.6 g,3.9 g,2.8 g,0 g,,,,,,,,,,,,,,,https://handlaprivatkund.ica.se/stores/1004181/products/gr%C3%A4sl%C3%B6k-finhackad-fryst-40g-ica/1475156
Ärtor Fryst 1kg ICA Basic,"31,90 kr","1kg 31,90 kr/kg",,,,,,,,,,,,,,,,,,,,,,,,https://handlaprivatkund.ica.se/stores/1004181/products/%C3%A4rtor-fryst-1kg-ica-basic/1411051
Stenugnsbakad pizza Capricciosa Fryst 370g ICA,"41,90 kr","0.37kg 113,24 kr/kg",212 kcal,892 kJ,6.8 g,3.3 g,25 g,3.7 g,2.1 g,12 g,1.1 g,,,,,,,,,,,,,,,https://handlaprivatkund.ica.se/stores/1004181/products/stenugnsbakad-pizza-capricciosa-fryst-370g-ica/1026461
Mango Bitar Fryst 500g Ica Basic,"31,90 kr","0.5kg 63,80 kr/kg",70 kcal,270 kJ,0.5 g,0 g,17 g,15 g,1.8 g,0.5 g,0 g,,,,,,,,,,,,,,,https://handlaprivatkund.ica.se/stores/1004181/products/mango-bitar-fryst-500g-ica-basic/1476300
"Gräddglass Gammaldags vanilj Laktosfri 0,5l Triumf Glass","24,90 kr","0.5L 49,80 kr/l",200 kcal,850 kJ,11 g,7.1 g,23 g,22 g,,2.9 g,0.18 g,,,,,,,,,,,,,,,https://handlaprivatkund.ica.se/stores/1004181/products/gr%C3%A4ddglass-gammaldags-vanilj-laktosfri-0-5l-triumf-glass/1520024
Kyckling bröstfile Fryst mörad 1kg ICA,"113,00 kr","1kg 113,00 kr/kg",91 kcal,386 kJ,1 g,0.5 g,0.5 g,0.5 g,,20 g,0.5 g,,,,,,,,,,,,,,,https://handlaprivatkund.ica.se/stores/1004181/products/kyckling-br%C3%B6stfile-fryst-m%C3%B6rad-1kg-ica/1487777
Blåbär Svenska 1kg ICA,"117,00 kr","1kg 117,00 kr/kg",,,,,,,,,,,,,,,,,,,,,,,,https://handlaprivatkund.ica.se/stores/1004181/products/bl%C3%A5b%C3%A4r-svenska-1kg-ica/2076188
Glassbåt Hallon Vit choklad 6-p SIA GLASS,"59,00 kr","6 per frp 9,83 kr/st",280 kcal,1200 kJ,16 g,10 g,31 g,27 g,0 g,4.1 g,0.1 g,0 g,0 µg,0 µg,0 µg,0 µg,,,,,,,,,,https://handlaprivatkund.ica.se/stores/1004181/products/glassb%C3%A5t-hallon-vit-choklad-6-p-sia-glass/2129997
Sejfilé bitar Fryst 400g ICA,"63,00 kr","0.4kg 157,50 kr/kg",82 kcal,344 kJ,0.5 g,0 g,0 g,0 g,,19 g,0.2 g,,,,,,,,,,,,,,,https://handlaprivatkund.ica.se/stores/1004181/products/sejfil%C3%A9-bitar-fryst-400g-ica/1026469
Gräddglass Kola & Havssalt 500ml Sia Glass,"24,90 kr","0.5L 49,80 kr/l",220 kcal,950 kJ,9.5 g,6.2 g,30 g,27 g,0.5 g,3.8 g,0.3 g,,0 µg,0 µg,0 µg,0 µg,,,,,,,,,,https://handlaprivatkund.ica.se/stores/1004181/products/gr%C3%A4ddglass-kola-havssalt-500ml-sia-glass/1530285
Chicken drumsticks Grillkrydda Fryst 500g Guldfågeln,"51,00 kr","0.5kg 102,00 kr/kg",190 kcal,800 kJ,10 g,3.3 g,3 g,1.5 g,,21 g,2 g,,,,,,,,,,,,,,,https://handlaprivatkund.ica.se/stores/1004181/products/chicken-drumsticks-grillkrydda-fryst-500g-guldf%C3%A5geln/1008936
Ost & broccolipaj Fryst 220g ICA,"36,90 kr","0.22kg 167,73 kr/kg",220 kcal,918 kJ,12 g,6 g,18 g,1.7 g,1.3 g,9.3 g,0.87 g,,,,,,,0.35 g,,,,,,,,https://handlaprivatkund.ica.se/stores/1004181/products/ost-broccolipaj-fryst-220g-ica/1423867
Pan Pizza BBQ Chicken 550g Grandiosa,"85,00 kr","0.55kg 154,55 kr/kg",197 kcal,830 kJ,5.9 g,2.4 g,26 g,3.1 g,,9.2 g,1 g,,,,,,,,,,,,,,,https://handlaprivatkund.ica.se/stores/1004181/products/pan-pizza-bbq-chicken-550g-grandiosa/2101467
Hamburgare ostekt 130g 4-p Scan,"78,00 kr","0.52kg 150,00 kr/kg",240 kcal,1000 kJ,18 g,9 g,4 g,1 g,,15 g,1.5 g,,,,,,,,,,,,,,,https://handlaprivatkund.ica.se/stores/1004181/products/hamburgare-ostekt-130g-4-p-scan/2004974
Snickers 72ml Triumf Glass,"31,90 kr",,338 kcal,1414 kJ,20 g,9.4 g,35 g,26 g,,5.7 g,0.21 g,,,,,,,,,,,,,,,https://handlaprivatkund.ica.se/stores/1004181/products/snickers-72ml-triumf-glass/1443718
Majskorn frysta 400g ICA,"22,90 kr","0.4kg 57,25 kr/kg",,,,,,,,,,,,,,,,,,,,,,,,https://handlaprivatkund.ica.se/stores/1004181/products/majskorn-frysta-400g-ica/2012832
Churros 300 g Aviko,"36,90 kr","0.3kg 123,00 kr/kg",331 kcal,1383 kJ,18 g,2.1 g,36 g,5.2 g,2.7 g,4.9 g,0.93 g,,,,,,,,,,,,,,,https://handlaprivatkund.ica.se/stores/1004181/products/churros-300-g-aviko/2115491
Plant-based Nuggets 700g Hälsans Kök,"107,00 kr","0.7kg 152,86 kr/kg",222 kcal,927 kJ,11 g,1.2 g,14 g,0.6 g,5.5 g,14 g,1 g,,,,,,,,,,,,,,,https://handlaprivatkund.ica.se/stores/1004181/products/plant-based-nuggets-700g-h%C3%A4lsans-k%C3%B6k/2101405
"Sorbet Mango & passion 0,5l Triumf Glass","24,90 kr","0.5L 49,80 kr/l",130 kcal,550 kJ,0.5 g,0.5 g,31 g,27 g,,0.5 g,0.02 g,,,,,,,,,,,,,,,https://handlaprivatkund.ica.se/stores/1004181/products/sorbet-mango-passion-0-5l-triumf-glass/1443721
Pizza Ristorante Salame Fryst 320g Dr. Oetker,"48,90 kr","0.32kg 152,81 kr/kg",261 kcal,1093 kJ,13 g,4.6 g,25 g,2.9 g,2.3 g,10 g,1.3 g,,,,,,,,,,,,,,,https://handlaprivatkund.ica.se/stores/1004181/products/pizza-ristorante-salame-fryst-320g-dr-oetker/2093806
Ost/skinkpaj 240 g Familjen Dafgård,"40,90 kr","0.24kg 170,42 kr/kg",272 kcal,1140 kJ,18 g,8.8 g,18 g,2.2 g,1 g,9.9 g,1.2 g,,,,,,,,,,,,,,,https://handlaprivatkund.ica.se/stores/1004181/products/ost-skinkpaj-240-g-familjen-dafg%C3%A5rd/1521005
"Ärter, Majs & Paprika 600g Apetit","36,90 kr","0.6kg 61,50 kr/kg",90 kcal,380 kJ,0.9 g,0.2 g,14 g,4.7 g,3.2 g,4.2 g,0 g,,,,,,,,,,,,,,,https://handlaprivatkund.ica.se/stores/1004181/products/%C3%A4rter-majs-paprika-600g-apetit/2054858
Extra allt Kebab Fryst 350g Grandiosa,"60,00 kr","0.35kg 171,43 kr/kg",231 kcal,968 kJ,9.8 g,4.6 g,24 g,1.5 g,,11 g,1.1 g,,,,,,,,,,,,,,,https://handlaprivatkund.ica.se/stores/1004181/products/extra-allt-kebab-fryst-350g-grandiosa/1334853
Köttfärspaj 240 g Familjen Dafgård,"40,90 kr","0.24kg 170,42 kr/kg",312 kcal,1305 kJ,21 g,8.9 g,21 g,2.3 g,2.1 g,9.3 g,0.79 g,,,,,,,,,,,,,,,https://handlaprivatkund.ica.se/stores/1004181/products/k%C3%B6ttf%C3%A4rspaj-240-g-familjen-dafg%C3%A5rd/1521017
Tacopaj 240g Dafgårds,"40,90 kr","0.24kg 170,42 kr/kg",278 kcal,1164 kJ,17 g,7.4 g,22 g,3.5 g,1.8 g,8.3 g,1.2 g,,,,,,,,,,,,,,,https://handlaprivatkund.ica.se/stores/1004181/products/tacopaj-240g-dafg%C3%A5rds/2025034
Penne con mozzarella Måltid Fryst 380g Felix,"63,00 kr","0.38kg 165,79 kr/kg",133 kcal,555 kJ,3.7 g,2 g,19 g,2.3 g,,5.1 g,0.74 g,,,,,,,,,,,,,,,https://handlaprivatkund.ica.se/stores/1004181/products/penne-con-mozzarella-m%C3%A5ltid-fryst-380g-felix/1384078
Kycklingnuggets Fryst 440g Max,"76,00 kr","0.44kg 172,73 kr/kg",180 kcal,750 kJ,8.3 g,1.2 g,14 g,0.5 g,,13 g,1.3 g,,,,,,,,,,,,,,,https://handlaprivatkund.ica.se/stores/1004181/products/kycklingnuggets-fryst-440g-max/1475814
Stenugnsbakad pizza Salami Fryst 350g ICA,"41,90 kr","0.35kg 119,71 kr/kg",240 kcal,1008 kJ,8.7 g,3.2 g,30 g,5 g,2.4 g,9.7 g,1.3 g,,,,,,,,,,,,,,,https://handlaprivatkund.ica.se/stores/1004181/products/stenugnsbakad-pizza-salami-fryst-350g-ica/1453908
Panpizza Hawaii Fryst 170g Billys,"18,90 kr","0.17kg 111,18 kr/kg",250 kcal,1050 kJ,9.3 g,3.7 g,30 g,2.4 g,1.6 g,11 g,1 g,,,,,,,,,,,,,,,https://handlaprivatkund.ica.se/stores/1004181/products/panpizza-hawaii-fryst-170g-billys/1006333
Gräddglass Juni Laktosfri Glutenfri 6-p 780ml SIA Glass,"59,00 kr","6 per frp 9,83 kr/st",300 kcal,1250 kJ,14 g,10 g,39 g,24 g,0 g,3.6 g,0.1 g,0 g,0 µg,0 µg,0 µg,0 µg,,,,,,,,,,https://handlaprivatkund.ica.se/stores/1004181/products/gr%C3%A4ddglass-juni-laktosfri-glutenfri-6-p-780ml-sia-glass/1509554
Mandeltårta Glutenfri Fryst 400g Almondy,"75,00 kr","0.4kg 187,50 kr/kg",,,,,,,,,,,,,,,,,,,,,,,,https://handlaprivatkund.ica.se/stores/1004181/products/mandelt%C3%A5rta-glutenfri-fryst-400g-almondy/1345327
Pinsabotten Glutenfri 180g Zeta,"61,00 kr","0.18kg 338,89 kr/kg",220 kcal,979 kJ,6.3 g,0.7 g,40 g,2 g,3.7 g,2.2 g,1.8 g,,,,,,,0.72 g,,,,,,,,https://handlaprivatkund.ica.se/stores/1004181/products/pinsabotten-glutenfri-180g-zeta/2154355
Delikatessbullar Vegetariska 340g Felix,"60,00 kr","0.34kg 176,47 kr/kg",213 kcal,891 kJ,13 g,1.1 g,8.7 g,1.5 g,4.2 g,11 g,1.5 g,,,,,,,,,,,,,,,https://handlaprivatkund.ica.se/stores/1004181/products/delikatessbullar-vegetariska-340g-felix/2077776
Kålpudding 400g Dafgård,"41,90 kr","0.4kg 104,75 kr/kg",99 kcal,415 kJ,5 g,1.9 g,8.4 g,3.7 g,1.5 g,4.4 g,0.97 g,,,,,,,,,,,,,,,https://handlaprivatkund.ica.se/stores/1004181/products/k%C3%A5lpudding-400g-dafg%C3%A5rd/2093865
Cheesecake Naturell Fryst 400g ICA,"80,00 kr","0.4kg 200,00 kr/kg",330 kcal,1350 kJ,19 g,8.8 g,33 g,21 g,0.4 g,5.1 g,,,,,,,,,,,,,,,,https://handlaprivatkund.ica.se/stores/1004181/products/cheesecake-naturell-fryst-400g-ica/1470892
Mango Fryst 250g ICA,"28,90 kr","0.25kg 115,60 kr/kg",65 kcal,280 kJ,0.5 g,0.1 g,15.5 g,14.6 g,1.7 g,0.5 g,,,,,,,,0.002 g,,,,,,,,https://handlaprivatkund.ica.se/stores/1004181/products/mango-fryst-250g-ica/1244475
Korvbröd Glutenfria 5-p,"40,90 kr","0.21kg 194,76 kr/kg",290 kcal,1200 kJ,5.3 g,0.8 g,57 g,8 g,4 g,0.6 g,1.4 g,,,,,,,,,,,,,,,https://handlaprivatkund.ica.se/stores/1004181/products/korvbr%C3%B6d-glutenfria-5-p/2131019
Gammaldags gräddglass Äkta vanilj 1.75L Triumf Glass,"39,00 kr","1.75L 22,29 kr/l",180 kcal,800 kJ,9.8 g,6.5 g,22 g,22 g,,3.1 g,0.19 g,,,,,,,,,,,,,,,https://handlaprivatkund.ica.se/stores/1004181/products/gammaldags-gr%C3%A4ddglass-%C3%A4kta-vanilj-1-75l-triumf-glass/2101620
Pizza Stenugnsbakad X-tra Allt Mozzarella & Pesto 350g Grandiosa,"60,00 kr","0.35kg 171,43 kr/kg",259 kcal,1085 kJ,12 g,4.7 g,26 g,2 g,,11 g,0.89 g,,,,,,,,,,,,,,,https://handlaprivatkund.ica.se/stores/1004181/products/pizza-stenugnsbakad-x-tra-allt-mozzarella-pesto-350g-grandiosa/2054839
Glass Mini tip top 6-pack GB Glace,"61,00 kr","6 per frp 10,17 kr/st",381 kcal,1621 kJ,23 g,15 g,40 g,27 g,,4 g,0.16 g,,,,,,,,,,,,,,,https://handlaprivatkund.ica.se/stores/1004181/products/glass-mini-tip-top-6-pack-gb-glace/1295908
KorvStroganoff 400g Dafgård,"41,90 kr","0.4kg 104,75 kr/kg",157 kcal,658 kJ,8.8 g,3.9 g,15 g,1.1 g,0.8 g,3.9 g,1.1 g,,,,,,,,,,,,,,,https://handlaprivatkund.ica.se/stores/1004181/products/korvstroganoff-400g-dafg%C3%A5rd/2093873
Fish nuggets 480g Pacific brand,"43,90 kr","0.48kg 91,46 kr/kg",208 kcal,874 kJ,7.4 g,0.8 g,26 g,0.7 g,0.4 g,9.1 g,0.8 g,,,,,,,,,,,,,,,https://handlaprivatkund.ica.se/stores/1004181/products/fish-nuggets-480g-pacific-brand/2119177
Krämig kyckling med soltorkad tomat 380g Felix,"63,00 kr","0.38kg 165,79 kr/kg",95 kcal,398 kJ,3 g,1.4 g,12 g,1.9 g,,4.6 g,0.9 g,,,,,,,,,,,,,,,https://handlaprivatkund.ica.se/stores/1004181/products/kr%C3%A4mig-kyckling-med-soltorkad-tomat-380g-felix/2154604
Glass Snickers Creamy 1-p Mars,"31,90 kr",,349 kcal,1457 kJ,21 g,10 g,34 g,26 g,,5.7 g,0.29 g,,,,,,,,,,,,,,,https://handlaprivatkund.ica.se/stores/1004181/products/glass-snickers-creamy-1-p-mars/2154464
Släta bullar 4-p 240g Hans och greta,"44,90 kr","0.24kg 187,08 kr/kg",,,,,,,,,,,,,,,,,,,,,,,,https://handlaprivatkund.ica.se/stores/1004181/products/sl%C3%A4ta-bullar-4-p-240g-hans-och-greta/1500796
"Gräddglass Hasselnöt 0,5l Triumf Glass","24,90 kr","0.5L 49,80 kr/l",260 kcal,1100 kJ,16 g,6.6 g,27 g,25 g,,2.8 g,0.2 g,,,,,,,,,,,,,,,https://handlaprivatkund.ica.se/stores/1004181/products/gr%C3%A4ddglass-hasseln%C3%B6t-0-5l-triumf-glass/1476328
Glass Favorites Texas Pecan 825ml GB Glace,"47,90 kr","0.825L 58,06 kr/l",216 kcal,905 kJ,8.8 g,6.2 g,31 g,25 g,0.5 g,2.6 g,0.12 g,,,,,,,,,,,,,,,https://handlaprivatkund.ica.se/stores/1004181/products/glass-favorites-texas-pecan-825ml-gb-glace/2130395
Wok Kyckling sweet chili teriyaki Fryst 320g ICA,"43,90 kr","0.32kg 137,19 kr/kg",,,,,,,,,,,,,,,,,,,,,,,,https://handlaprivatkund.ica.se/stores/1004181/products/wok-kyckling-sweet-chili-teriyaki-fryst-320g-ica/1490114
Pizza X-tra allt Gudfadern 350g Grandiosa,"60,00 kr","0.35kg 171,43 kr/kg",238 kcal,996 kJ,11 g,4.2 g,24 g,1.4 g,,10 g,1 g,,,,,,,,,,,,,,,https://handlaprivatkund.ica.se/stores/1004181/products/pizza-x-tra-allt-gudfadern-350g-grandiosa/1528762
Svenska Schnitzlar 600g Scan,"85,00 kr","0.6kg 141,67 kr/kg",230 kcal,950 kJ,13 g,4.8 g,12 g,2.3 g,,15 g,1.4 g,,,,,,,,,,,,,,,https://handlaprivatkund.ica.se/stores/1004181/products/svenska-schnitzlar-600g-scan/2101400
Pizza Ristorante Prosciutto Fryst 340g Dr. Oetker,"48,90 kr","0.34kg 143,82 kr/kg",224 kcal,938 kJ,9.3 g,2.8 g,24 g,2.7 g,2.1 g,10 g,1.2 g,,,,,,,,,,,,,,,https://handlaprivatkund.ica.se/stores/1004181/products/pizza-ristorante-prosciutto-fryst-340g-dr-oetker/2093807
Gräddglass Vanilj 900ml ICA,"46,90 kr","0.9L 52,11 kr/l",200 kcal,850 kJ,12 g,7.5 g,23 g,20 g,,3 g,0.2 g,,,,,,,,,,,,,,,https://handlaprivatkund.ica.se/stores/1004181/products/gr%C3%A4ddglass-vanilj-900ml-ica/1318967
Glass Vanilj & lakrits 900ml ICA,"46,90 kr","0.9L 52,11 kr/l",240 kcal,1000 kJ,13 g,6.6 g,30 g,27 g,,2.4 g,0.3 g,,,,,,,,,,,,,,,https://handlaprivatkund.ica.se/stores/1004181/products/glass-vanilj-lakrits-900ml-ica/1427572
Svensk Ärtfalafel 400g Peas of Heaven,"42,90 kr","0.4kg 107,25 kr/kg",250 kcal,1060 kJ,13 g,1.1 g,22 g,1.7 g,5.3 g,9.5 g,1.9 g,,,,,,,,,,,,,,,https://handlaprivatkund.ica.se/stores/1004181/products/svensk-%C3%A4rtfalafel-400g-peas-of-heaven/2130836
Sötpotatis strips Fryst 500g ICA,"49,90 kr","0.5kg 99,80 kr/kg",150 kcal,630 kJ,6.5 g,0.8 g,23 g,4.6 g,2.7 g,1.5 g,0.5 g,,,,,,,,,,,,,,,https://handlaprivatkund.ica.se/stores/1004181/products/s%C3%B6tpotatis-strips-fryst-500g-ica/1527682
Färdigmat Pan pizza Pepperoni 570g Grandiosa,"85,00 kr","0.57kg 149,12 kr/kg",206 kcal,867 kJ,7.1 g,3.1 g,25 g,2.3 g,,9.9 g,1.1 g,,,,,,,,,,,,,,,https://handlaprivatkund.ica.se/stores/1004181/products/f%C3%A4rdigmat-pan-pizza-pepperoni-570g-grandiosa/2025047
Färdigmat Fisk med topping potatismos & ärtor Fryst 390g Findus,"44,90 kr","0.39kg 115,13 kr/kg",150 kcal,626 kJ,7.4 g,2.6 g,14 g,1.9 g,1.7 g,5.9 g,0.81 g,,,,,,,,,,,,,,,https://handlaprivatkund.ica.se/stores/1004181/products/f%C3%A4rdigmat-fisk-med-topping-potatismos-%C3%A4rtor-fryst-390g-findus/2025023
Dulce De-Lish 427ml Ben & Jerrys,"84,00 kr","0.427L 196,72 kr/l",263 kcal,1102 kJ,14 g,9.6 g,31 g,26 g,,3.3 g,0.4 g,,,,,,,,,,,,,,,https://handlaprivatkund.ica.se/stores/1004181/products/dulce-de-lish-427ml-ben-jerrys/2109034
Grill spice chunk 280g Oumph,"55,00 kr","0.28kg 196,43 kr/kg",120 kcal,501 kJ,4 g,0.4 g,2.2 g,1.4 g,5.5 g,16 g,1.6 g,,,,49.4 µg,,,,,3 mg,,,,,,https://handlaprivatkund.ica.se/stores/1004181/products/grill-spice-chunk-280g-oumph/2094010
Glass Sandwich 100ml GB Glace,"22,90 kr",,187 kcal,785 kJ,7.3 g,6.7 g,27 g,16 g,,3.1 g,0.29 g,,,,,,,,,,,,,,,https://handlaprivatkund.ica.se/stores/1004181/products/glass-sandwich-100ml-gb-glace/1006545
Raspberry Licorice 1-p Kingis,"22,90 kr",,322 kcal,1345 kJ,21 g,12 g,31 g,29 g,,2.2 g,0.17 g,,,,,,,,,,,,,,,https://handlaprivatkund.ica.se/stores/1004181/products/raspberry-licorice-1-p-kingis/2108942
Fisknuggets glutenfria 270g ICA,"41,90 kr","0.27kg 155,19 kr/kg",196 kcal,823 kJ,8 g,0.8 g,18 g,0.5 g,,13 g,0.73 g,,,,,,,,,,,,,,,https://handlaprivatkund.ica.se/stores/1004181/products/fisknuggets-glutenfria-270g-ica/2106710
