Name,Price,Size,Energi (kcal),Energi (kJ),Fett,Varav mättat fett,Kolhydrat,Varav sockerarter,Fiber,Protein,Salt,Natrium,Varav fleromättat fett,Varav enkelomättat fett,url
Linssoppa 400ml Weight Watchers,"26,90 kr","0.4L 67,25 kr/l",53 kcal,222 kJ,0.5 g,0.5 g,7.9 g,1.9 g,2.5 g,2.9 g,0.78 g,,,,https://handlaprivatkund.ica.se/stores/1004181/products/linssoppa-400ml-weight-watchers/1412508
Sandwich Mozzarella & tomat 140g Italsandwich,"48,90 kr","0.14kg 349,29 kr/kg",316 kcal,1317 kJ,19 g,4.5 g,24 g,2.2 g,,10 g,1.1 g,,,,https://handlaprivatkund.ica.se/stores/1004181/products/sandwich-mozzarella-tomat-140g-italsandwich/2009852
Färdigmat Lasagnette bolognese med mozzarella 400g Gooh,"92,00 kr","0.4kg 230,00 kr/kg",179 kcal,748 kJ,8.7 g,5.3 g,16 g,2.4 g,1.1 g,8.8 g,0.9 g,,,,https://handlaprivatkund.ica.se/stores/1004181/products/f%C3%A4rdigmat-lasagnette-bolognese-med-mozzarella-400g-gooh/2166250
Risgrynsgröt 500g ICA,"18,90 kr","0.5kg 37,80 kr/kg",100 kcal,424 kJ,2.6 g,1.7 g,16 g,5.3 g,,2.7 g,0.41 g,,,,https://handlaprivatkund.ica.se/stores/1004181/products/risgrynsgr%C3%B6t-500g-ica/2116415
Räk Dillsås 250g Middagsklart Abba,"35,90 kr","0.25kg 143,60 kr/kg",122 kcal,512 kJ,10 g,5.3 g,6.3 g,1.3 g,,1 g,1.4 g,,,,https://handlaprivatkund.ica.se/stores/1004181/products/r%C3%A4k-dills%C3%A5s-250g-middagsklart-abba/1437242
Potatisgratäng 800g Peka,"42,90 kr","0.8kg 53,63 kr/kg",121 kcal,506 kJ,7 g,1.5 g,11.9 g,1.7 g,1.6 g,2 g,0.97 g,0.39 g,,,https://handlaprivatkund.ica.se/stores/1004181/products/potatisgrat%C3%A4ng-800g-peka/1330357
Färsk Pasta Tortelloni Svamp 250g Rana,"62,00 kr","0.25kg 248,00 kr/kg",269 kcal,1127 kJ,9.6 g,3.4 g,33 g,6.3 g,6.2 g,9.5 g,1.4 g,,,,https://handlaprivatkund.ica.se/stores/1004181/products/f%C3%A4rsk-pasta-tortelloni-svamp-250g-rana/1454471
Hollandaise 230ml Eriks såser,"35,90 kr","0.23L 156,09 kr/l",700 kcal,3000 kJ,79 g,5.8 g,0.5 g,0.5 g,,1.2 g,0.8 g,,,,https://handlaprivatkund.ica.se/stores/1004181/products/hollandaise-230ml-eriks-s%C3%A5ser/1354056
Champinjonsoppa 4 portioner 1l Blå Band,"25,90 kr","1L 25,90 kr/l",48 kcal,203 kJ,1.8 g,1.0 g,6.3 g,1.2 g,0.2 g,1.5 g,0.72 g,,,,https://handlaprivatkund.ica.se/stores/1004181/products/champinjonsoppa-4-portioner-1l-bl%C3%A5-band/1007211
Citronsås 250g Middagsklart Abba,"35,90 kr","0.25kg 143,60 kr/kg",143 kcal,597 kJ,12 g,5.6 g,7.3 g,1.3 g,,1 g,1.4 g,,,,https://handlaprivatkund.ica.se/stores/1004181/products/citrons%C3%A5s-250g-middagsklart-abba/1414132
Wrap Kyckling Korean Style 300g ICA,"59,00 kr","0.3kg 196,67 kr/kg",177 kcal,746 kJ,5 g,0.6 g,28 g,6.3 g,,5 g,1.7 g,,,,https://handlaprivatkund.ica.se/stores/1004181/products/wrap-kyckling-korean-style-300g-ica/2152118
Grön Sparrissoppa 5dl Kelda,"37,90 kr","0.5L 75,80 kr/l",64 kcal,268 kJ,4 g,2.5 g,5.1 g,2.1 g,,1.7 g,0.98 g,,,,https://handlaprivatkund.ica.se/stores/1004181/products/gr%C3%B6n-sparrissoppa-5dl-kelda/1344346
Baguette med Kycklingcurryröra 220g ICA,"55,00 kr","0.22kg 250,00 kr/kg",290 kcal,1208 kJ,18 g,2.6 g,25 g,2.7 g,,6.2 g,0.63 g,,,,https://handlaprivatkund.ica.se/stores/1004181/products/baguette-med-kycklingcurryr%C3%B6ra-220g-ica/2107448
Kycklinggryta med ris,"89,00 kr","0.45kg 197,78 kr/kg",,,,,,,,,,,,,https://handlaprivatkund.ica.se/stores/1004181/products/kycklinggryta-med-ris/7301005002826
Österikisk Gulaschsoppa 475g Felix,"60,00 kr","0.475kg 126,32 kr/kg",71 kcal,296 kJ,3.7 g,0.5 g,6.2 g,1.7 g,,2.5 g,0.78 g,,,,https://handlaprivatkund.ica.se/stores/1004181/products/%C3%B6sterikisk-gulaschsoppa-475g-felix/1443082
Coleslaw texas style 200g Texas Longhorn,"33,90 kr","0.2kg 169,50 kr/kg",290 kcal,1200 kJ,28 g,2.1 g,8.4 g,4.1 g,0.5 g,0.8 g,0.7 g,,,,https://handlaprivatkund.ica.se/stores/1004181/products/coleslaw-texas-style-200g-texas-longhorn/1467569
Pasta Snack Pot Carbonara 63g Knorr,"26,90 kr","0.063kg 426,98 kr/kg",105 kcal,438 kJ,3 g,1 g,16 g,2.1 g,0.6 g,3.7 g,0.72 g,,,,https://handlaprivatkund.ica.se/stores/1004181/products/pasta-snack-pot-carbonara-63g-knorr/2079078
Vitlökssås 250ml Rydbergs,"38,90 kr","0.25L 155,60 kr/l",500 kcal,2100 kJ,53 g,3.8 g,5.8 g,1.6 g,,1.3 g,0.8 g,,,,https://handlaprivatkund.ica.se/stores/1004181/products/vitl%C3%B6kss%C3%A5s-250ml-rydbergs/1025675
Skogssvampsoppa 5dl Kelda®,"37,90 kr","0.5L 75,80 kr/l",70 kcal,291 kJ,5 g,3 g,4.8 g,1.6 g,,1.4 g,0.89 g,,,,https://handlaprivatkund.ica.se/stores/1004181/products/skogssvampsoppa-5dl-kelda/2153016
Pizzabröd Pinsa 230g Zeta,"53,00 kr","0.23kg 230,43 kr/kg",263 kcal,1112 kJ,4.8 g,0.9 g,44 g,3.1 g,3.3 g,9.4 g,1.8 g,,,,https://handlaprivatkund.ica.se/stores/1004181/products/pizzabr%C3%B6d-pinsa-230g-zeta/2108429
Aioli vegansk 200g ICA,"25,90 kr","0.2kg 129,50 kr/kg",548 kcal,2256 kJ,60 g,4.2 g,1.8 g,0.5 g,,0.5 g,1 g,,,,https://handlaprivatkund.ica.se/stores/1004181/products/aioli-vegansk-200g-ica/2129526
Pasta med kyckling och soltorkade tomater,"89,00 kr","0.45kg 197,78 kr/kg",,,,,,,,,,,,,https://handlaprivatkund.ica.se/stores/1004181/products/pasta-med-kyckling-och-soltorkade-tomater/7318690483960
Rotfruktslasagne,"89,00 kr","0.45kg 197,78 kr/kg",,,,,,,,,,,,,https://handlaprivatkund.ica.se/stores/1004181/products/rotfruktslasagne/7318690476160
Pastasås Körsbärstomat & Basilika ICA Selection,"43,90 kr","0.4kg 109,75 kr/kg",101 kcal,418 kJ,7.4 g,0.8 g,7 g,5.3 g,,1 g,1.2 g,,,,https://handlaprivatkund.ica.se/stores/1004181/products/pastas%C3%A5s-k%C3%B6rsb%C3%A4rstomat-basilika-ica-selection/2093663
Guacamole 150g Sevan,"41,90 kr","0.15kg 279,33 kr/kg",153 kcal,640 kJ,14 g,2.9 g,9.5 g,0 g,6.7 g,1.5 g,0.3 g,,,,https://handlaprivatkund.ica.se/stores/1004181/products/guacamole-150g-sevan/2130615
Wrap Halloumi 275g Picadeli,"71,00 kr","0.275kg 258,18 kr/kg",204 kcal,852 kJ,9.4 g,3 g,22 g,3 g,,7.2 g,1.3 g,,,,https://handlaprivatkund.ica.se/stores/1004181/products/wrap-halloumi-275g-picadeli/2092706
Sandwich Mozzarella Pesto 220g Picadeli,"54,00 kr","0.22kg 245,45 kr/kg",294 kcal,1230 kJ,19 g,2.7 g,22 g,1.8 g,,7.6 g,1.1 g,,,,https://handlaprivatkund.ica.se/stores/1004181/products/sandwich-mozzarella-pesto-220g-picadeli/2129742
Cheeseburgare 2-pack 270g ICA,"48,90 kr","0.27kg 181,11 kr/kg",281 kcal,1176 kJ,14 g,5.6 g,26 g,2.5 g,,12 g,1.8 g,,,,https://handlaprivatkund.ica.se/stores/1004181/products/cheeseburgare-2-pack-270g-ica/2166146
Baguette Köttbullar Rödbetssallad 235g ICA,"55,00 kr","0.235kg 234,04 kr/kg",235 kcal,984 kJ,12 g,3.8 g,25 g,4.6 g,,6.3 g,0.65 g,,,,https://handlaprivatkund.ica.se/stores/1004181/products/baguette-k%C3%B6ttbullar-r%C3%B6dbetssallad-235g-ica/2139715
Färs Formbar Vegansk Fryst 850g Anamma,"114,00 kr","0.85kg 134,12 kr/kg",162 kcal,679 kJ,9.2 g,0.7 g,1.6 g,0.7 g,6.2 g,15 g,0.7 g,,,,https://handlaprivatkund.ica.se/stores/1004181/products/f%C3%A4rs-formbar-vegansk-fryst-850g-anamma/2011316
Färdigmat Tortelloni med ricotta och spenat 370g Gooh,"91,00 kr","0.37kg 245,95 kr/kg",179 kcal,746 kJ,12 g,6.6 g,13 g,4 g,1.2 g,3.8 g,1.4 g,,,,https://handlaprivatkund.ica.se/stores/1004181/products/f%C3%A4rdigmat-tortelloni-med-ricotta-och-spenat-370g-gooh/2166252
Tryffelmajonnäs 230ml ICA Selection,"31,90 kr","0.23L 138,70 kr/l",659 kcal,2712 kJ,73 g,5.6 g,0.5 g,0.5 g,,1 g,1 g,,,,https://handlaprivatkund.ica.se/stores/1004181/products/tryffelmajonn%C3%A4s-230ml-ica-selection/2140239
Tzatziki 200g ICA,"25,90 kr","0.2kg 129,50 kr/kg",123 kcal,508 kJ,10 g,5.5 g,4.5 g,3.4 g,,3.7 g,1.1 g,,,,https://handlaprivatkund.ica.se/stores/1004181/products/tzatziki-200g-ica/2055356
Färdigmat Köttbullar potatismos och gräddsås 400 Gram Gooh,"91,00 kr","0.4kg 227,50 kr/kg",164 kcal,685 kJ,10 g,5.6 g,12 g,1.4 g,0.7 g,5.8 g,1.1 g,,,,https://handlaprivatkund.ica.se/stores/1004181/products/f%C3%A4rdigmat-k%C3%B6ttbullar-potatismos-och-gr%C3%A4dds%C3%A5s-400-gram-gooh/2166249
Fralla med Skinka och Sallad 95g ICA,"30,90 kr","0.095kg 325,26 kr/kg",307 kcal,1280 kJ,20 g,8.5 g,24 g,2.7 g,,7.1 g,0.66 g,,,,https://handlaprivatkund.ica.se/stores/1004181/products/fralla-med-skinka-och-sallad-95g-ica/2107461
Kroppkakor Smålands 3-p 300g Ölandskroppkakan,"26,90 kr","0.3kg 89,67 kr/kg",131 kcal,549 kJ,3.7 g,1.5 g,19.8 g,1 g,,3.4 g,1 g,,,,https://handlaprivatkund.ica.se/stores/1004181/products/kroppkakor-sm%C3%A5lands-3-p-300g-%C3%B6landskroppkakan/1025321
Gazpacho 390g ICA,"26,90 kr","0.39kg 68,97 kr/kg",,,,,,,,,,,,,https://handlaprivatkund.ica.se/stores/1004181/products/gazpacho-390g-ica/1475011
Plättar 300g ICA,"30,90 kr","0.3kg 103,00 kr/kg",200 kcal,850 kJ,7.3 g,0.8 g,27 g,4 g,,6.6 g,0.3 g,,,,https://handlaprivatkund.ica.se/stores/1004181/products/pl%C3%A4ttar-300g-ica/2023796
Pepparsås 230ml Eriks såser,"35,90 kr","0.23L 156,09 kr/l",700 kcal,3000 kJ,79 g,5.8 g,1.4 g,0.9 g,,1.3 g,1 g,,,,https://handlaprivatkund.ica.se/stores/1004181/products/peppars%C3%A5s-230ml-eriks-s%C3%A5ser/1354064
Gulaschsoppa 560g Felix,"56,00 kr","0.56kg 100,00 kr/kg",77 kcal,322 kJ,4.1 g,0.7 g,4.5 g,1.1 g,,5 g,1 g,,,,https://handlaprivatkund.ica.se/stores/1004181/products/gulaschsoppa-560g-felix/1280017
Bearnaise Orginal 250ml Rydbergs,"38,90 kr","0.25L 155,60 kr/l",650 kcal,2750 kJ,74 g,5.7 g,0.6 g,0.3 g,,0.9 g,1 g,,,,https://handlaprivatkund.ica.se/stores/1004181/products/bearnaise-orginal-250ml-rydbergs/1484963
Färdigmat Risotto Tryffel 300g ICA,"56,00 kr","0.3kg 186,67 kr/kg",149 kcal,626 kJ,7.5 g,5.3 g,17 g,0.7 g,,3.5 g,0.96 g,,,,https://handlaprivatkund.ica.se/stores/1004181/products/f%C3%A4rdigmat-risotto-tryffel-300g-ica/2083144
Pajdeg 250g ICA,"27,90 kr","0.25kg 111,60 kr/kg",370 kcal,1550 kJ,21 g,11 g,39 g,2.9 g,1.2 g,5.6 g,1.2 g,,,,https://handlaprivatkund.ica.se/stores/1004181/products/pajdeg-250g-ica/2023316
Potatissallad 400g ICA,"21,90 kr","0.4kg 54,75 kr/kg",218 kcal,901 kJ,19 g,1.4 g,9.9 g,1.1 g,,1.3 g,1.1 g,,,,https://handlaprivatkund.ica.se/stores/1004181/products/potatissallad-400g-ica/1398557
Pastasås Fyra ostar 5dl Kelda,"53,00 kr","0.5L 106,00 kr/l",124 kcal,519 kJ,8 g,5.1 g,6.7 g,4 g,,6.2 g,1.3 g,,,,https://handlaprivatkund.ica.se/stores/1004181/products/pastas%C3%A5s-fyra-ostar-5dl-kelda/2152997
Hummus Oliv 175g ICA,"28,90 kr","0.175kg 165,14 kr/kg",,,,,,,,,,,,,https://handlaprivatkund.ica.se/stores/1004181/products/hummus-oliv-175g-ica/2003869
Färdigmat Penne Tomat & Ricotta 300g ICA,"56,00 kr","0.3kg 186,67 kr/kg",200 kcal,850 kJ,6.5 g,1.2 g,28 g,2.5 g,,6.4 g,0.45 g,,,,https://handlaprivatkund.ica.se/stores/1004181/products/f%C3%A4rdigmat-penne-tomat-ricotta-300g-ica/1520724
Kycklingsallad med Pasta 365g ICA,"69,00 kr","0.365kg 189,04 kr/kg",177 kcal,742 kJ,11 g,2 g,12 g,2.1 g,1.6 g,6.6 g,1.04 g,,,,https://handlaprivatkund.ica.se/stores/1004181/products/kycklingsallad-med-pasta-365g-ica/2091093
Färdigmat Pasta al pomodoro med mozzarella 400g Gooh,"75,00 kr","0.4kg 187,50 kr/kg",138 kcal,581 kJ,5.1 g,2.1 g,16 g,3.4 g,1.4 g,6.2 g,1.1 g,,,,https://handlaprivatkund.ica.se/stores/1004181/products/f%C3%A4rdigmat-pasta-al-pomodoro-med-mozzarella-400g-gooh/2166256
Pasta Ravioli Tomat & Mozzarella Färsk 250g ICA,"40,90 kr","0.25kg 163,60 kr/kg",286 kcal,1207 kJ,7.2 g,1.8 g,44 g,4 g,,9.7 g,1 g,,,,https://handlaprivatkund.ica.se/stores/1004181/products/pasta-ravioli-tomat-mozzarella-f%C3%A4rsk-250g-ica/2116970
Soppa Tomat & Basilika Varma Koppen 61g Blå Band,"20,90 kr","0.6L 34,83 kr/l",37 kcal,154 kJ,1.3 g,0.8 g,5.3 g,2.7 g,0.6 g,0.8 g,0.87 g,,,,https://handlaprivatkund.ica.se/stores/1004181/products/soppa-tomat-basilika-varma-koppen-61g-bl%C3%A5-band/2035358
Kebabsås Vitlök 250g Schysst käk,"35,90 kr","0.25L 143,60 kr/l",440 kcal,1850 kJ,48 g,3.6 g,3.1 g,1.8 g,,0.8 g,1.6 g,,,,https://handlaprivatkund.ica.se/stores/1004181/products/kebabs%C3%A5s-vitl%C3%B6k-250g-schysst-k%C3%A4k/2084719
Ärtsoppa med fläsk 500g ICA,"15,90 kr","0.5kg 31,80 kr/kg",98 kcal,410 kJ,2.1 g,0.8 g,12 g,0.9 g,4 g,5.9 g,0.98 g,,,,https://handlaprivatkund.ica.se/stores/1004181/products/%C3%A4rtsoppa-med-fl%C3%A4sk-500g-ica/2116413
Pasta Tortellini Ost & Skinka Färsk 250g ICA,"40,90 kr","0.25kg 163,60 kr/kg",282 kcal,1186 kJ,7 g,2.2 g,42 g,3.7 g,,11 g,0.79 g,,,,https://handlaprivatkund.ica.se/stores/1004181/products/pasta-tortellini-ost-skinka-f%C3%A4rsk-250g-ica/2116959
Färdigmat Korvstroganoff med vildris 400g Gooh,"91,00 kr","0.4kg 227,50 kr/kg",152 kcal,635 kJ,9.2 g,4.6 g,13 g,2.5 g,0.6 g,4.6 g,1.3 g,,,,https://handlaprivatkund.ica.se/stores/1004181/products/f%C3%A4rdigmat-korvstroganoff-med-vildris-400g-gooh/2166251
Färdigmat Korv med bröd 2-pack 190g ICA,"40,90 kr","0.19kg 215,26 kr/kg",283 kcal,1184 kJ,14 g,5 g,27 g,5 g,,11 g,1.9 g,,,,https://handlaprivatkund.ica.se/stores/1004181/products/f%C3%A4rdigmat-korv-med-br%C3%B6d-2-pack-190g-ica/2166148
Wrap Korean Style med Kycklingröra Gochujang 275g Picadeli,"71,00 kr","0.275kg 258,18 kr/kg",285 kcal,1191 kJ,18 g,2.3 g,23 g,5.7 g,,6.8 g,0.98 g,,,,https://handlaprivatkund.ica.se/stores/1004181/products/wrap-korean-style-med-kycklingr%C3%B6ra-gochujang-275g-picadeli/2152990
Potatisgratäng 800g ICA,"20,00 kr","0.8kg 25,00 kr/kg",125 kcal,520 kJ,7.4 g,2 g,12 g,0.6 g,,2.5 g,1 g,,,,https://handlaprivatkund.ica.se/stores/1004181/products/potatisgrat%C3%A4ng-800g-ica/2140140
Pasta Tortellini Ricottaost & Spenat Färsk 250g ICA,"40,90 kr","0.25kg 163,60 kr/kg",277 kcal,1168 kJ,6.4 g,2 g,43 g,4.2 g,,10 g,0.58 g,,,,https://handlaprivatkund.ica.se/stores/1004181/products/pasta-tortellini-ricottaost-spenat-f%C3%A4rsk-250g-ica/2116966
Österrikisk gulaschsoppa 500g Knorr,"41,90 kr","0.5L 83,80 kr/l",76 kcal,317 kJ,3.4 g,0.9 g,6.7 g,2 g,1.1 g,4.1 g,1.4 g,,,,https://handlaprivatkund.ica.se/stores/1004181/products/%C3%B6sterrikisk-gulaschsoppa-500g-knorr/1402018
Morotsoppa Asiatisk 390g ICA,"26,90 kr","0.39kg 68,97 kr/kg",,,,,,,,,,,,,https://handlaprivatkund.ica.se/stores/1004181/products/morotsoppa-asiatisk-390g-ica/1475010
Hummus Soltorkade Tomatar 275g Sevan,"43,90 kr","0.275kg 159,64 kr/kg",220 kcal,914 kJ,14 g,1.5 g,14 g,1.9 g,4.5 g,7.3 g,0.9 g,,,,https://handlaprivatkund.ica.se/stores/1004181/products/hummus-soltorkade-tomatar-275g-sevan/2024312
Wrap Kyckling Curry 275g Picadeli,"71,00 kr","0.275kg 258,18 kr/kg",264 kcal,1106 kJ,16 g,1.9 g,22 g,4.3 g,,7 g,1.1 g,,,,https://handlaprivatkund.ica.se/stores/1004181/products/wrap-kyckling-curry-275g-picadeli/2140282
Pasta Snack Pot Carbonara 92g Knorr,"29,90 kr","0.092kg 325,00 kr/kg",105 kcal,437 kJ,3 g,1 g,16 g,2.1 g,0.6 g,3.7 g,0.72 g,,,,https://handlaprivatkund.ica.se/stores/1004181/products/pasta-snack-pot-carbonara-92g-knorr/2026343
Smördeg Vegansk 250g ICA,"27,90 kr","0.25kg 111,60 kr/kg",390 kcal,1600 kJ,24 g,13 g,37 g,2.7 g,1.1 g,5.6 g,0.7 g,,,,https://handlaprivatkund.ica.se/stores/1004181/products/sm%C3%B6rdeg-vegansk-250g-ica/2023315
Tomatsoppa Italiensk 475g Felix,"60,00 kr","0.475kg 126,32 kr/kg",71 kcal,298 kJ,3.6 g,2.3 g,7.2 g,4.1 g,,2 g,1 g,,,,https://handlaprivatkund.ica.se/stores/1004181/products/tomatsoppa-italiensk-475g-felix/1463222
Pasta Ravioli Svamp Färsk 250g ICA,"40,90 kr","0.25kg 163,60 kr/kg",279 kcal,1174 kJ,6.7 g,1.5 g,44 g,4.5 g,,8.9 g,1 g,,,,https://handlaprivatkund.ica.se/stores/1004181/products/pasta-ravioli-svamp-f%C3%A4rsk-250g-ica/2116928
Rödbetssallad 200g ICA,"16,90 kr","0.2kg 84,50 kr/kg",240 kcal,1000 kJ,19 g,1.6 g,14 g,12 g,,1 g,0.68 g,,,,https://handlaprivatkund.ica.se/stores/1004181/products/r%C3%B6dbetssallad-200g-ica/2044198
Hamburgerdressing original 220ml Max,"32,90 kr","0.22L 149,55 kr/l",550 kcal,2400 kJ,59 g,4 g,7.8 g,7.5 g,,1 g,1.3 g,,,,https://handlaprivatkund.ica.se/stores/1004181/products/hamburgerdressing-original-220ml-max/1449222
Indisk Masalasoppa 475g Felix,"60,00 kr","0.475kg 126,32 kr/kg",101 kcal,422 kJ,6.2 g,5 g,7.4 g,2.5 g,,3.1 g,0.79 g,,,,https://handlaprivatkund.ica.se/stores/1004181/products/indisk-masalasoppa-475g-felix/1443086
Färdigmat Pasta Carbonara 300g ICA,"56,00 kr","0.3kg 186,67 kr/kg",292 kcal,1211 kJ,22 g,15 g,15 g,1.2 g,,7.8 g,0.79 g,,,,https://handlaprivatkund.ica.se/stores/1004181/products/f%C3%A4rdigmat-pasta-carbonara-300g-ica/2083133
Pasta med oxfilé,"89,00 kr","0.45kg 197,78 kr/kg",,,,,,,,,,,,,https://handlaprivatkund.ica.se/stores/1004181/products/pasta-med-oxfil%C3%A9/7318690476153
Wrap Kyckling Caesar 275g Picadeli,"71,00 kr","0.275kg 258,18 kr/kg",288 kcal,1203 kJ,20 g,2.2 g,20 g,2.9 g,,6.8 g,1.2 g,,,,https://handlaprivatkund.ica.se/stores/1004181/products/wrap-kyckling-caesar-275g-picadeli/2092701
Hamburgerdressing Green & garlic 220ml Max,"32,90 kr","0.22L 149,55 kr/l",650 kcal,2800 kJ,73 g,5 g,2.2 g,1.2 g,,0.9 g,1.1 g,,,,https://handlaprivatkund.ica.se/stores/1004181/products/hamburgerdressing-green-garlic-220ml-max/1449257
Pizzakit Original 600g POP! Bakery,"42,90 kr","0.6kg 71,50 kr/kg",193 kcal,813 kJ,2.8 g,0.4 g,33 g,3.7 g,1.4 g,6 g,1.1 g,,,,https://handlaprivatkund.ica.se/stores/1004181/products/pizzakit-original-600g-pop-bakery/1023971
Tomatsopp Färskost ICA 390 g,"26,90 kr","0.39kg 68,97 kr/kg",,,,,,,,,,,,,https://handlaprivatkund.ica.se/stores/1004181/products/tomatsopp-f%C3%A4rskost-ica-390-g/1510792
Pasta girasoli färsk spenatfyllning vegansk 250g ICA,"47,90 kr","0.25kg 191,60 kr/kg",,,,,,,,,,,,,https://handlaprivatkund.ica.se/stores/1004181/products/pasta-girasoli-f%C3%A4rsk-spenatfyllning-vegansk-250g-ica/2044187
Färdigmat Kyckling curry med ris 400g Gooh,"91,00 kr","0.4kg 227,50 kr/kg",123 kcal,513 kJ,6 g,3.8 g,11 g,1 g,0.5 g,6.1 g,0.8 g,,,,https://handlaprivatkund.ica.se/stores/1004181/products/f%C3%A4rdigmat-kyckling-curry-med-ris-400g-gooh/2166257
Fransk Fisksoppa 470g Felix,"60,00 kr","0.47kg 127,66 kr/kg",89 kcal,370 kJ,6.5 g,3.6 g,4.7 g,2.1 g,,2.5 g,0.91 g,,,,https://handlaprivatkund.ica.se/stores/1004181/products/fransk-fisksoppa-470g-felix/1443084
Färdigmat Vego Lasagne 400g ICA,"75,00 kr","0.4kg 187,50 kr/kg",114 kcal,480 kJ,3.3 g,1.5 g,16 g,2.9 g,,4.8 g,1.02 g,,,,https://handlaprivatkund.ica.se/stores/1004181/products/f%C3%A4rdigmat-vego-lasagne-400g-ica/2091546
Pastasås Mild Ost 5dl Kelda,"52,00 kr","0.5L 104,00 kr/l",119 kcal,494 kJ,8 g,5.1 g,7.4 g,4.4 g,,4.3 g,1.2 g,,,,https://handlaprivatkund.ica.se/stores/1004181/products/pastas%C3%A5s-mild-ost-5dl-kelda/2140660
Tony's Calzone 250g ICA,"38,90 kr","0.25kg 155,60 kr/kg",,,,,,,,,,,,,https://handlaprivatkund.ica.se/stores/1004181/products/tony-s-calzone-250g-ica/2055838
Remouladsås 270g Mills,"49,90 kr","0.27kg 184,81 kr/kg",610 kcal,2500 kJ,64 g,4 g,7 g,6 g,,1 g,0.8 g,,18 g,39 g,https://handlaprivatkund.ica.se/stores/1004181/products/remoulads%C3%A5s-270g-mills/1023534
Soppa Tomato & Mozzarella 470g Felix,"60,00 kr","0.47kg 127,66 kr/kg",90 kcal,377 kJ,5.2 g,1.6 g,7 g,1.9 g,,2.9 g,0.79 g,,,,https://handlaprivatkund.ica.se/stores/1004181/products/soppa-tomato-mozzarella-470g-felix/2030890
Baguette med Skagenröra 220g ICA,"55,00 kr","0.22kg 250,00 kr/kg",334 kcal,1389 kJ,24 g,4.7 g,23 g,2.6 g,,5.9 g,0.99 g,,,,https://handlaprivatkund.ica.se/stores/1004181/products/baguette-med-skagenr%C3%B6ra-220g-ica/2107451
Pasta Gnocchi Färsk 400g ICA,"33,90 kr","0.4kg 84,75 kr/kg",142 kcal,604 kJ,0.6 g,0.5 g,30 g,0.5 g,,3.6 g,0.6 g,,,,https://handlaprivatkund.ica.se/stores/1004181/products/pasta-gnocchi-f%C3%A4rsk-400g-ica/2118838
Pannkakor 480g ICA,"39,90 kr","0.48kg 83,12 kr/kg",170 kcal,700 kJ,5.5 g,0.8 g,22 g,3.4 g,,6.6 g,0.3 g,,,,https://handlaprivatkund.ica.se/stores/1004181/products/pannkakor-480g-ica/2023794
Baguettesallad Kyckling & curry 175g Rydbergs,"31,90 kr","0.175kg 182,29 kr/kg",420 kcal,1750 kJ,40 g,3.2 g,7.7 g,7 g,,7.3 g,1.5 g,,,,https://handlaprivatkund.ica.se/stores/1004181/products/baguettesallad-kyckling-curry-175g-rydbergs/1463415
Mangocurrysås 200g ICA,"22,90 kr","0.2kg 114,50 kr/kg",555 kcal,2288 kJ,55 g,4 g,14 g,12 g,,0.9 g,1.1 g,,,,https://handlaprivatkund.ica.se/stores/1004181/products/mangocurrys%C3%A5s-200g-ica/2055360
Vit Kebabsås 250ml Rydbergs,"38,90 kr","0.25L 155,60 kr/l",360 kcal,1500 kJ,39 g,5.4 g,2.6 g,2.2 g,,1.9 g,0.8 g,,,,https://handlaprivatkund.ica.se/stores/1004181/products/vit-kebabs%C3%A5s-250ml-rydbergs/1128732
Hummus 175g ICA,"28,90 kr","0.175kg 165,14 kr/kg",,,,,,,,,,,,,https://handlaprivatkund.ica.se/stores/1004181/products/hummus-175g-ica/2003891
Pizza Ristorante Mozzarella Fryst Glutenfri Laktosfri 370g Dr. Oetker,"64,00 kr","0.37kg 172,97 kr/kg",229 kcal,961 kJ,11 g,4.9 g,22 g,2.1 g,,11 g,0.99 g,,,,https://handlaprivatkund.ica.se/stores/1004181/products/pizza-ristorante-mozzarella-fryst-glutenfri-laktosfri-370g-dr-oetker/2021190
Potatis & Purjolöksoppa 3 portioner 6dl Varma Koppen,"20,90 kr","0.6L 34,83 kr/l",35 kcal,148 kJ,0.7 g,0.4 g,6.7 g,0.8 g,0.5 g,0.5 g,0.7 g,,,,https://handlaprivatkund.ica.se/stores/1004181/products/potatis-purjol%C3%B6ksoppa-3-portioner-6dl-varma-koppen/1008265
Färdigmat Grillost Stroganoff med vildris 400g Gooh,"91,00 kr","0.4kg 227,50 kr/kg",179 kcal,748 kJ,10 g,6.5 g,15 g,2.3 g,0.7 g,6.5 g,1.1 g,,,,https://handlaprivatkund.ica.se/stores/1004181/products/f%C3%A4rdigmat-grillost-stroganoff-med-vildris-400g-gooh/2166253
Chilibearnaise 200g ICA,"22,90 kr","0.2kg 114,50 kr/kg",563 kcal,2315 kJ,62 g,4.2 g,1.5 g,0.6 g,,0.6 g,1.2 g,,,,https://handlaprivatkund.ica.se/stores/1004181/products/chilibearnaise-200g-ica/2055358
Italiensk Tomat med Mascarpone Soppa 570ml Knorr,"39,90 kr","0.57L 70,00 kr/l",55 kcal,232 kJ,2.9 g,0.5 g,5.7 g,3.2 g,0.9 g,1.2 g,0.65 g,,,,https://handlaprivatkund.ica.se/stores/1004181/products/italiensk-tomat-med-mascarpone-soppa-570ml-knorr/1312573
Ris Kokt 600g ICA,"48,90 kr","0.6kg 81,50 kr/kg",74 kcal,310 kJ,1.2 g,0.1 g,14 g,0.5 g,,1.4 g,1.2 g,,,,https://handlaprivatkund.ica.se/stores/1004181/products/ris-kokt-600g-ica/2166151
Rödbetssallad 400g Rydbergs,"26,90 kr","0.4kg 67,25 kr/kg",280 kcal,1200 kJ,27 g,2 g,8.5 g,7 g,,0.8 g,0.4 g,,,,https://handlaprivatkund.ica.se/stores/1004181/products/r%C3%B6dbetssallad-400g-rydbergs/1025354
Baguette Skagenröra 240g GreenDeli,"64,00 kr","0.24kg 266,67 kr/kg",328 kcal,1371 kJ,22.8 g,0.6 g,24.3 g,1.9 g,,6.3 g,1.5 g,,,,https://handlaprivatkund.ica.se/stores/1004181/products/baguette-skagenr%C3%B6ra-240g-greendeli/2092731
Tomatsoppa Mustig 5dl Kelda®,"37,90 kr","0.5L 75,80 kr/l",56 kcal,232 kJ,3 g,1.7 g,5.1 g,3.6 g,,1.3 g,0.89 g,,,,https://handlaprivatkund.ica.se/stores/1004181/products/tomatsoppa-mustig-5dl-kelda/2153017
Tofuröra Skagen Vegansk 200g ICA,"35,90 kr","0.2kg 179,50 kr/kg",424 kcal,1749 kJ,42 g,3.2 g,4.5 g,2.6 g,,7 g,1.6 g,,,,https://handlaprivatkund.ica.se/stores/1004181/products/tofur%C3%B6ra-skagen-vegansk-200g-ica/2055339
Kantarellsoppa 3 portioner 6dl Varma Koppen,"20,90 kr","0.6L 34,83 kr/l",43 kcal,180 kJ,1.9 g,1.1 g,5.9 g,0.6 g,0.5 g,0.5 g,0.88 g,,,,https://handlaprivatkund.ica.se/stores/1004181/products/kantarellsoppa-3-portioner-6dl-varma-koppen/1008269
Potatismos Bacon & Lök Snack Pot 51g Knorr,"26,90 kr","0.051kg 527,45 kr/kg",89 kcal,372 kJ,3.4 g,0.7 g,11 g,2.1 g,1.8 g,2.6 g,0.62 g,,,,https://handlaprivatkund.ica.se/stores/1004181/products/potatismos-bacon-l%C3%B6k-snack-pot-51g-knorr/2079077
Färdigmat Risotto med Sparris 300g ICA,"56,00 kr","0.3kg 186,67 kr/kg",,,,,,,,,,,,,https://handlaprivatkund.ica.se/stores/1004181/products/f%C3%A4rdigmat-risotto-med-sparris-300g-ica/2009755
Risgröt 500g Felix,"20,90 kr","0.5kg 41,80 kr/kg",102 kcal,426 kJ,2.4 g,1.6 g,16 g,4.9 g,,3.6 g,0.42 g,,,,https://handlaprivatkund.ica.se/stores/1004181/products/risgr%C3%B6t-500g-felix/1023471
Pasta Cup Tomat och Mozzarella 70g ICA,"24,90 kr","0.07kg 355,71 kr/kg",,,,,,,,,,,,,https://handlaprivatkund.ica.se/stores/1004181/products/pasta-cup-tomat-och-mozzarella-70g-ica/2060003
Färdigmat Ramen Biff 365g Ichiro,"76,00 kr","0.365kg 208,22 kr/kg",189 kcal,798 kJ,12.3 g,6.2 g,15 g,2.2 g,0.8 g,13 g,0.8 g,,,,https://handlaprivatkund.ica.se/stores/1004181/products/f%C3%A4rdigmat-ramen-biff-365g-ichiro/2141123
Pasta Snack Pot Bolognese 60g Knorr,"26,90 kr","0.06kg 448,33 kr/kg",94 kcal,392 kJ,1.9 g,0.9 g,16 g,2.8 g,1.5 g,3.4 g,0.58 g,,,,https://handlaprivatkund.ica.se/stores/1004181/products/pasta-snack-pot-bolognese-60g-knorr/2079079
Pasta Tortellini Ricottaost & Spenat Färsk 500g ICA,"62,00 kr","0.5kg 124,00 kr/kg",277 kcal,1168 kJ,6.4 g,2 g,43 g,4.2 g,,10 g,0.58 g,,,,https://handlaprivatkund.ica.se/stores/1004181/products/pasta-tortellini-ricottaost-spenat-f%C3%A4rsk-500g-ica/2116969
Mangoraja 250ml Rydbergs,"38,90 kr","0.25L 155,60 kr/l",560 kcal,2350 kJ,56 g,4.2 g,14 g,13 g,,0.8 g,1.2 g,,,,https://handlaprivatkund.ica.se/stores/1004181/products/mangoraja-250ml-rydbergs/1025674
Soldatens ärtsoppa med Fläsk 570g Knorr,"47,90 kr","0.8L 59,88 kr/l drickklar",142 kcal,594 kJ,5.5 g,2 g,11 g,0.9 g,4.6 g,9.5 g,1.4 g,,,,https://handlaprivatkund.ica.se/stores/1004181/products/soldatens-%C3%A4rtsoppa-med-fl%C3%A4sk-570g-knorr/1004352
Ceasardressing 255ml Erik såser,"40,90 kr","0.255L 160,39 kr/l",550 kcal,2250 kJ,57 g,4.5 g,2.1 g,1.7 g,,1.6 g,1.2 g,,,,https://handlaprivatkund.ica.se/stores/1004181/products/ceasardressing-255ml-erik-s%C3%A5ser/1414585
Tzatziki Äkta Grekisk Orginalet 350g Fontana,"48,90 kr","0.35kg 139,71 kr/kg",131 kcal,542 kJ,10.1 g,3 g,4.5 g,4 g,,5.4 g,1.2 g,,,,https://handlaprivatkund.ica.se/stores/1004181/products/tzatziki-%C3%A4kta-grekisk-orginalet-350g-fontana/2024340
Falafel Vegansk Fryst 900g Anamma,"114,00 kr","0.9kg 126,67 kr/kg",305 kcal,1275 kJ,18 g,1.3 g,25 g,1.3 g,5.3 g,9 g,1.1 g,,,,https://handlaprivatkund.ica.se/stores/1004181/products/falafel-vegansk-fryst-900g-anamma/2011359
Hummus Jalapeño 200g Fontana,"39,90 kr","0.2kg 199,50 kr/kg",322 kcal,1330 kJ,27.4 g,3.6 g,6.4 g,0.8 g,,8.6 g,0.9 g,,,,https://handlaprivatkund.ica.se/stores/1004181/products/hummus-jalape%C3%B1o-200g-fontana/2108561
Tzatziki Äkta Grekisk Laktosfri 200g Fontana,"38,90 kr","0.2kg 194,50 kr/kg",130 kcal,540 kJ,10 g,5 g,5.1 g,3.5 g,,4.9 g,1 g,,,,https://handlaprivatkund.ica.se/stores/1004181/products/tzatziki-%C3%A4kta-grekisk-laktosfri-200g-fontana/2108563
Pasta Fettuccine Färsk 250g ICA,"24,90 kr","0.25kg 99,60 kr/kg",276 kcal,1167 kJ,2.9 g,0.8 g,50 g,1.2 g,,11 g,0.05 g,,,,https://handlaprivatkund.ica.se/stores/1004181/products/pasta-fettuccine-f%C3%A4rsk-250g-ica/2116938
Potatisgnocchi 500g Rana,"44,90 kr","0.5kg 89,80 kr/kg",146 kcal,618 kJ,0.5 g,0.2 g,31 g,0.5 g,,3.1 g,0.9 g,,,,https://handlaprivatkund.ica.se/stores/1004181/products/potatisgnocchi-500g-rana/2101083
Pastasås Tomat och Crème Fraiche 5dl Kelda®,"53,00 kr","0.5L 106,00 kr/l",71 kcal,298 kJ,4 g,2.2 g,6.5 g,3.8 g,,1.4 g,0.99 g,,,,https://handlaprivatkund.ica.se/stores/1004181/products/pastas%C3%A5s-tomat-och-cr%C3%A8me-fraiche-5dl-kelda/2152998
Fralla med Ost och Sallad 92g ICA,"30,90 kr","0.092kg 335,87 kr/kg",358 kcal,1491 kJ,25 g,11 g,25 g,2.7 g,,7.6 g,0.47 g,,,,https://handlaprivatkund.ica.se/stores/1004181/products/fralla-med-ost-och-sallad-92g-ica/2107460
Aioli Original 230ml Lohmanders,"29,90 kr","0.23L 130,00 kr/l",700 kcal,2800 kJ,74 g,5.9 g,1.3 g,0.6 g,,1.5 g,1 g,,,,https://handlaprivatkund.ica.se/stores/1004181/products/aioli-original-230ml-lohmanders/2024319
Vegoburgare Glutenfri Fryst 880g Anamma,"114,00 kr","0.88kg 129,55 kr/kg",162 kcal,680 kJ,10 g,0.8 g,2 g,0.4 g,5.4 g,14 g,0.88 g,,,,https://handlaprivatkund.ica.se/stores/1004181/products/vegoburgare-glutenfri-fryst-880g-anamma/2011341
Baguette med Rostbiff och Potatissallad 220g ICA,"55,00 kr","0.22kg 250,00 kr/kg",220 kcal,924 kJ,10 g,2 g,25 g,2.5 g,,7 g,0.63 g,,,,https://handlaprivatkund.ica.se/stores/1004181/products/baguette-med-rostbiff-och-potatissallad-220g-ica/2107452
Vegansk med bulgursallad och paprikakräm,"89,00 kr","0.42kg 211,90 kr/kg",,,,,,,,,,,,,https://handlaprivatkund.ica.se/stores/1004181/products/vegansk-med-bulgursallad-och-paprikakr%C3%A4m/7301005002802
Chilibearnaise 230ml Eriks såser,"35,90 kr","0.23L 156,09 kr/l",700 kcal,3000 kJ,78 g,5.7 g,1.1 g,0.7 g,,1.2 g,0.8 g,,,,https://handlaprivatkund.ica.se/stores/1004181/products/chilibearnaise-230ml-eriks-s%C3%A5ser/1369540
Sandwich Varmrökt Lax 220 g Picadeli,"54,00 kr","0.22kg 245,45 kr/kg",298 kcal,1270 kJ,21 g,1.7 g,22 g,2.8 g,,5.6 g,1.3 g,,,,https://handlaprivatkund.ica.se/stores/1004181/products/sandwich-varmr%C3%B6kt-lax-220-g-picadeli/2129738
Sandwich Caesar Kyckling 220g Picadeli,"54,00 kr","0.22kg 245,45 kr/kg",274 kcal,1142 kJ,17 g,1.5 g,22 g,3.1 g,,8 g,1 g,,,,https://handlaprivatkund.ica.se/stores/1004181/products/sandwich-caesar-kyckling-220g-picadeli/2129741
Dressing Sourcream & Pepper 220ml Max,"32,90 kr","0.22L 149,55 kr/l",550 kcal,2350 kJ,60 g,4.3 g,4 g,3.2 g,,1.1 g,1.1 g,,,,https://handlaprivatkund.ica.se/stores/1004181/products/dressing-sourcream-pepper-220ml-max/2092941
Gravlaxsås 200ml Eriks såser,"28,90 kr","0.2L 144,50 kr/l",550 kcal,2350 kJ,54 g,3.5 g,16 g,15 g,,2 g,1 g,,,,https://handlaprivatkund.ica.se/stores/1004181/products/gravlaxs%C3%A5s-200ml-eriks-s%C3%A5ser/1465409
Kebabsås Vit Signature 250ml Schysst käk,"35,90 kr","0.25L 143,60 kr/l",439 kcal,1834 kJ,47 g,6.8 g,4 g,2.4 g,,1.4 g,1.7 g,,,,https://handlaprivatkund.ica.se/stores/1004181/products/kebabs%C3%A5s-vit-signature-250ml-schysst-k%C3%A4k/2169577
Köttfärssås 700g ICA,"86,00 kr","0.7kg 122,86 kr/kg",91 kcal,380 kJ,4.9 g,1.4 g,5.2 g,2.9 g,,5.8 g,1.4 g,,,,https://handlaprivatkund.ica.se/stores/1004181/products/k%C3%B6ttf%C3%A4rss%C3%A5s-700g-ica/2166156
Ranchdressing 250ml Rydbergs,"38,90 kr","0.25L 155,60 kr/l",500 kcal,2150 kJ,55 g,5.7 g,4.1 g,2.8 g,,2 g,0.9 g,,,,https://handlaprivatkund.ica.se/stores/1004181/products/ranchdressing-250ml-rydbergs/2169568
Thai Cube Tom yum chicken 320g Kitchen Joy,"52,00 kr","0.32kg 162,50 kr/kg",158 kcal,664 kJ,5.9 g,3.1 g,19 g,4.6 g,1.5 g,6.5 g,1.1 g,,,,https://handlaprivatkund.ica.se/stores/1004181/products/thai-cube-tom-yum-chicken-320g-kitchen-joy/2067583
Thai Röd Currysoppa 475g Felix,"60,00 kr","0.475kg 126,32 kr/kg",89 kcal,374 kJ,6 g,4.8 g,5.9 g,1.4 g,,2.5 g,0.83 g,,,,https://handlaprivatkund.ica.se/stores/1004181/products/thai-r%C3%B6d-currysoppa-475g-felix/1443080
Vegetarisk Ärtsoppa 530g Knorr,"46,90 kr","0.515L 91,07 kr/l",68 kcal,284 kJ,0.5 g,0.2 g,10 g,0.8 g,4.1 g,5.6 g,0.68 g,,,,https://handlaprivatkund.ica.se/stores/1004181/products/vegetarisk-%C3%A4rtsoppa-530g-knorr/2026333
Räksallad 200g ICA,"31,90 kr","0.2kg 159,50 kr/kg",394 kcal,1626 kJ,40 g,3.1 g,3.2 g,1.4 g,,5.4 g,1.2 g,,,,https://handlaprivatkund.ica.se/stores/1004181/products/r%C3%A4ksallad-200g-ica/2017616
Köttsoppa med grönsaker 550g Knorr,"47,90 kr","1L 47,90 kr/l drickklar",38 kcal,159 kJ,0.7 g,0.3 g,4.1 g,1.8 g,1.4 g,3 g,2.2 g,,,,https://handlaprivatkund.ica.se/stores/1004181/products/k%C3%B6ttsoppa-med-gr%C3%B6nsaker-550g-knorr/1004347
Svampsoppa 3 portioner 6dl Varma Koppen,"20,90 kr","0.6L 34,83 kr/l",46 kcal,194 kJ,1.9 g,1.1 g,6.8 g,0.5 g,0.5 g,0.5 g,0.7 g,,,,https://handlaprivatkund.ica.se/stores/1004181/products/svampsoppa-3-portioner-6dl-varma-koppen/1008263
Sweet & Sour Original 450g Ben's Original,"35,90 kr","0.45kg 79,78 kr/kg",70 kcal,298 kJ,0.5 g,0.1 g,16 g,13 g,0.8 g,0.5 g,0.42 g,,,,https://handlaprivatkund.ica.se/stores/1004181/products/sweet-sour-original-450g-ben-s-original/2087063
Thaisoppa 5dl Kelda,"37,90 kr","0.5L 75,80 kr/l",67 kcal,278 kJ,4 g,2.8 g,5.9 g,3.2 g,,1.6 g,1.1 g,,,,https://handlaprivatkund.ica.se/stores/1004181/products/thaisoppa-5dl-kelda/1344326
Dressing Sesam Japansk 250ml UMA,"54,00 kr","0.25L 216,00 kr/l",550 kcal,2350 kJ,56 g,5 g,9.2 g,7.8 g,,3.1 g,2.9 g,,,,https://handlaprivatkund.ica.se/stores/1004181/products/dressing-sesam-japansk-250ml-uma/2117915
Kebabsås Het 250g Schysst käk,"35,90 kr","0.25L 143,60 kr/l",410 kcal,1750 kJ,44 g,3.4 g,4.4 g,3.3 g,,0.9 g,2.1 g,,,,https://handlaprivatkund.ica.se/stores/1004181/products/kebabs%C3%A5s-het-250g-schysst-k%C3%A4k/2084720
Picklad rödlök 200g Schysst käk,"33,90 kr","0.2kg 169,50 kr/kg u. spad",84 kcal,353 kJ,0.1 g,0 g,19.6 g,16.4 g,,0.6 g,0.5 g,,,,https://handlaprivatkund.ica.se/stores/1004181/products/picklad-r%C3%B6dl%C3%B6k-200g-schysst-k%C3%A4k/2092940
"Vi hjälper dig att plocka in din matleverans i kyl, frys, skafferi.","49,00 kr","1kg 49,00 kr/kg",,,,,,,,,,,,,https://handlaprivatkund.ica.se/stores/1004181/products/vi-hj%C3%A4lper-dig-att-plocka-in-din-matleverans-i-kyl-frys-skafferi/7301005002710
Hummus Original 200g Fontana,"39,90 kr","0.2kg 199,50 kr/kg",307 kcal,1271 kJ,25.7 g,3.1 g,9.4 g,0.6 g,,6.4 g,0.9 g,,,,https://handlaprivatkund.ica.se/stores/1004181/products/hummus-original-200g-fontana/2108560
Aioli 200g ICA,"22,90 kr","0.2kg 114,50 kr/kg",557 kcal,2292 kJ,61 g,4.2 g,1.7 g,0 g,,0.8 g,1 g,,,,https://handlaprivatkund.ica.se/stores/1004181/products/aioli-200g-ica/2055365
Vegokorv Glutenfri Fryst 840g Anamma,"114,00 kr","0.84kg 135,71 kr/kg",174 kcal,729 kJ,12 g,0.9 g,4.8 g,1.4 g,4.5 g,11 g,1.5 g,,,,https://handlaprivatkund.ica.se/stores/1004181/products/vegokorv-glutenfri-fryst-840g-anamma/2011353
Oxpytt Nötkött Fryst 750g Findus,"66,00 kr","0.75kg 88,00 kr/kg",141 kcal,589 kJ,5.7 g,0.8 g,16 g,1.9 g,2 g,5.3 g,1.1 g,,,,https://handlaprivatkund.ica.se/stores/1004181/products/oxpytt-n%C3%B6tk%C3%B6tt-fryst-750g-findus/2071068
Skagenröra Chili 200g ICA,"31,90 kr","0.2kg 159,50 kr/kg",423 kcal,1746 kJ,43 g,3.1 g,4.4 g,2.5 g,,4.7 g,1.4 g,,,,https://handlaprivatkund.ica.se/stores/1004181/products/skagenr%C3%B6ra-chili-200g-ica/2153065
Potatissallad 200g ICA,"16,90 kr","0.2kg 84,50 kr/kg",220 kcal,900 kJ,19 g,1.5 g,10 g,1 g,,1.5 g,1 g,,,,https://handlaprivatkund.ica.se/stores/1004181/products/potatissallad-200g-ica/1445862
Bearnaisesås Original 230ml Lohmanders,"29,90 kr","0.23L 130,00 kr/l",650 kcal,2750 kJ,74 g,5.7 g,0.6 g,0.5 g,,1 g,0.9 g,,,,https://handlaprivatkund.ica.se/stores/1004181/products/bearnaises%C3%A5s-original-230ml-lohmanders/2024316
Pasta Snack Pot Mac & Cheese 62g Knorr,"26,90 kr","0.062kg 433,87 kr/kg",101 kcal,444 kJ,2.1 g,1 g,17 g,2.7 g,0.5 g,3.5 g,0.62 g,,,,https://handlaprivatkund.ica.se/stores/1004181/products/pasta-snack-pot-mac-cheese-62g-knorr/2035349
Aioli lime 230ml Eriks såser,"35,90 kr","0.23L 156,09 kr/l",700 kcal,2950 kJ,77 g,5.6 g,1.3 g,0.8 g,,1.1 g,0.9 g,,,,https://handlaprivatkund.ica.se/stores/1004181/products/aioli-lime-230ml-eriks-s%C3%A5ser/1354065
Soldatens ärtsoppa med Fläsk 350g Knorr,"37,90 kr","0.5L 75,80 kr/l drickklar",142 kcal,594 kJ,5.5 g,2 g,11 g,0.9 g,4.6 g,9.5 g,1.4 g,,,,https://handlaprivatkund.ica.se/stores/1004181/products/soldatens-%C3%A4rtsoppa-med-fl%C3%A4sk-350g-knorr/1005502
Herb & Garlicsauce 200g Farmers & Chefs,"32,90 kr","0.2kg 164,50 kr/kg",380 kcal,1600 kJ,40 g,2.8 g,4.3 g,1.3 g,,0.6 g,1.5 g,,,,https://handlaprivatkund.ica.se/stores/1004181/products/herb-garlicsauce-200g-farmers-chefs/2141681
Vegokebabsås 250ml Schysst käk,"33,90 kr","0.25L 135,60 kr/l",440 kcal,1850 kJ,46 g,3.2 g,6.4 g,3.8 g,,0.5 g,2.4 g,,,,https://handlaprivatkund.ica.se/stores/1004181/products/vegokebabs%C3%A5s-250ml-schysst-k%C3%A4k/2092931
Pizzadeg Napoli 300g POP! Bakery,"32,90 kr","0.3kg 109,67 kr/kg",249 kcal,1054 kJ,1.3 g,0.2 g,47 g,4.7 g,1.8 g,7.3 g,1.1 g,,,,https://handlaprivatkund.ica.se/stores/1004181/products/pizzadeg-napoli-300g-pop-bakery/2154341
Sparrissoppa 3 portioner 6dl Varma Koppen,"20,90 kr","0.6L 34,83 kr/l",47 kcal,197 kJ,1.6 g,0.9 g,7.7 g,0.8 g,0.5 g,0.5 g,0.8 g,,,,https://handlaprivatkund.ica.se/stores/1004181/products/sparrissoppa-3-portioner-6dl-varma-koppen/1008262
Het nudelsoppa 410g Weight Watchers,"26,90 kr","0.395L 68,10 kr/l",22 kcal,91 kJ,0.5 g,0.2 g,2.2 g,0.7 g,0.8 g,1.6 g,0.88 g,,,,https://handlaprivatkund.ica.se/stores/1004181/products/het-nudelsoppa-410g-weight-watchers/1353405
Bearnaise 230ml Eriks såser,"35,90 kr","0.23L 156,09 kr/l",700 kcal,3000 kJ,79 g,5.6 g,0.5 g,0.5 g,,0.9 g,1 g,,,,https://handlaprivatkund.ica.se/stores/1004181/products/bearnaise-230ml-eriks-s%C3%A5ser/1354055
Färsk Pasta Ravioli Ricotta Spenat 250g Rana,"62,00 kr","0.25kg 248,00 kr/kg",251 kcal,1052 kJ,11 g,4.5 g,25 g,6.7 g,4.1 g,11 g,1.1 g,,,,https://handlaprivatkund.ica.se/stores/1004181/products/f%C3%A4rsk-pasta-ravioli-ricotta-spenat-250g-rana/1454469
Hummus Original 275g Sevan,"42,90 kr","0.275kg 156,00 kr/kg",236 kcal,979 kJ,15.7 g,1.7 g,15 g,1.1 g,4.4 g,7.7 g,0.9 g,,,,https://handlaprivatkund.ica.se/stores/1004181/products/hummus-original-275g-sevan/2024326
Vegobullar Glutenfri Fryst 900g Anamma,"114,00 kr","0.9kg 126,67 kr/kg",160 kcal,668 kJ,10 g,0.8 g,4.7 g,0.7 g,4.2 g,11 g,1 g,,,,https://handlaprivatkund.ica.se/stores/1004181/products/vegobullar-glutenfri-fryst-900g-anamma/2011325
Majonnäs Sriracha 250ml Rydbergs,"38,90 kr","0.25L 155,60 kr/l",500 kcal,2150 kJ,55 g,3.9 g,5.6 g,3.7 g,,1 g,1.3 g,,,,https://handlaprivatkund.ica.se/stores/1004181/products/majonn%C3%A4s-sriracha-250ml-rydbergs/2016045
Skagenröra 200g ICA,"31,90 kr","0.2kg 159,50 kr/kg",418 kcal,1724 kJ,43 g,3.1 g,3.2 g,1.5 g,,4.6 g,1.3 g,,,,https://handlaprivatkund.ica.se/stores/1004181/products/skagenr%C3%B6ra-200g-ica/2017618
Färdigmat Röd Curry med Kyckling & Ris 400g ICA,"78,00 kr","0.4kg 195,00 kr/kg",130 kcal,550 kJ,6.7 g,2.7 g,13 g,2.4 g,,4.7 g,0.8 g,,,,https://handlaprivatkund.ica.se/stores/1004181/products/f%C3%A4rdigmat-r%C3%B6d-curry-med-kyckling-ris-400g-ica/1512737
Pizzadeg 400g ICA,"24,90 kr","0.4kg 62,25 kr/kg",280 kcal,1183 kJ,5 g,1 g,48 g,3.1 g,1.6 g,7.9 g,1.6 g,,,,https://handlaprivatkund.ica.se/stores/1004181/products/pizzadeg-400g-ica/2023313
Lammgryta med röd curry och ris,"89,00 kr","0.45kg 197,78 kr/kg",,,,,,,,,,,,,https://handlaprivatkund.ica.se/stores/1004181/products/lammgryta-med-r%C3%B6d-curry-och-ris/7301005002833
Potatissallad Klassisk 750g Rydbergs,"63,00 kr","0.75kg 84,00 kr/kg",,,,,,,,,,,,,https://handlaprivatkund.ica.se/stores/1004181/products/potatissallad-klassisk-750g-rydbergs/1530757
Jordärtskockssoppa med bitar 475g ICA,"49,90 kr","0.475kg 105,05 kr/kg",103 kcal,427 kJ,7.6 g,3.5 g,7.4 g,1.7 g,,1.2 g,1 g,,,,https://handlaprivatkund.ica.se/stores/1004181/products/jord%C3%A4rtskockssoppa-med-bitar-475g-ica/2107436
Vegofärs Glutenfri Fryst 1kg Anamma,"114,00 kr","1kg 114,00 kr/kg",171 kcal,715 kJ,9.5 g,0.7 g,1.8 g,0.9 g,5.5 g,17 g,0.7 g,,,,https://handlaprivatkund.ica.se/stores/1004181/products/vegof%C3%A4rs-glutenfri-fryst-1kg-anamma/2011324
Skagenröra 400g ICA,"52,00 kr","0.4kg 130,00 kr/kg",418 kcal,1724 kJ,43 g,3.1 g,3.2 g,1.5 g,,4.6 g,1.3 g,,,,https://handlaprivatkund.ica.se/stores/1004181/products/skagenr%C3%B6ra-400g-ica/2017619
Röd Kebabsås 250ml Schysst käk,"35,90 kr","0.25L 143,60 kr/l",170 kcal,700 kJ,12 g,0.9 g,12 g,8.8 g,,1.6 g,1.4 g,,,,https://handlaprivatkund.ica.se/stores/1004181/products/r%C3%B6d-kebabs%C3%A5s-250ml-schysst-k%C3%A4k/2100472
Potatissallad original 800g Rydbergs,"47,90 kr","0.8kg 59,88 kr/kg",220 kcal,950 kJ,19 g,1.4 g,12 g,1.2 g,,1.5 g,1.1 g,,,,https://handlaprivatkund.ica.se/stores/1004181/products/potatissallad-original-800g-rydbergs/1323756
Färdigmat Frikadeller i krämig tomatsås 400g Gooh,"91,00 kr","0.4kg 227,50 kr/kg",185 kcal,772 kJ,12 g,6.4 g,12 g,2.8 g,1.3 g,6.7 g,1 g,,,,https://handlaprivatkund.ica.se/stores/1004181/products/f%C3%A4rdigmat-frikadeller-i-kr%C3%A4mig-tomats%C3%A5s-400g-gooh/2166258
Gulaschsoppa 410g Weight Watchers,"26,90 kr","0.4L 67,25 kr/l",43 kcal,180 kJ,0.5 g,0.5 g,6.5 g,1.6 g,1.1 g,2.5 g,1.1 g,,,,https://handlaprivatkund.ica.se/stores/1004181/products/gulaschsoppa-410g-weight-watchers/1353382
Kryddsmör Vitlök 65g Biggans,"22,90 kr","0.065kg 352,31 kr/kg",623 kcal,2564 kJ,68 g,43 g,2 g,0.6 g,,1 g,3 g,,,,https://handlaprivatkund.ica.se/stores/1004181/products/kryddsm%C3%B6r-vitl%C3%B6k-65g-biggans/1023491
Mild Tomatsoppa 5dl Kelda,"37,90 kr","0.5L 75,80 kr/l",49 kcal,206 kJ,3 g,1.9 g,4.1 g,2.6 g,,1.1 g,0.89 g,,,,https://handlaprivatkund.ica.se/stores/1004181/products/mild-tomatsoppa-5dl-kelda/1344329
Caesarsallad med Kyckling 270g ICA,"69,00 kr","0.27kg 255,56 kr/kg",166 kcal,693 kJ,11 g,2.6 g,4.9 g,0.9 g,,11 g,0.93 g,,,,https://handlaprivatkund.ica.se/stores/1004181/products/caesarsallad-med-kyckling-270g-ica/2091092
Bearnaise plant based 200g Farmers & Chefs,"32,90 kr","0.2kg 164,50 kr/kg",600 kcal,2500 kJ,67 g,4.7 g,1.3 g,0.5 g,,0.5 g,1.2 g,,,,https://handlaprivatkund.ica.se/stores/1004181/products/bearnaise-plant-based-200g-farmers-chefs/2123490
Gurksallad 200g Rydbergs,"19,90 kr","0.2kg 99,50 kr/kg",330 kcal,1400 kJ,31 g,2.2 g,13 g,11 g,,0.7 g,0.9 g,,,,https://handlaprivatkund.ica.se/stores/1004181/products/gurksallad-200g-rydbergs/1024904
Pasta Girasole Tomat Mozzarella 250g Färsk ICA Selection,"58,00 kr","0.25kg 232,00 kr/kg",290 kcal,1200 kJ,13 g,6.4 g,33 g,8.1 g,,11 g,1.4 g,,,,https://handlaprivatkund.ica.se/stores/1004181/products/pasta-girasole-tomat-mozzarella-250g-f%C3%A4rsk-ica-selection/2078636
Pepparrotsvisp 70g Örneborgs Delikatesser,"15,90 kr","0.07kg 227,14 kr/kg",470 kcal,1950 kJ,48 g,3.4 g,8 g,5.1 g,,0.9 g,1.1 g,,,,https://handlaprivatkund.ica.se/stores/1004181/products/pepparrotsvisp-70g-%C3%B6rneborgs-delikatesser/2098209
Pasta Fettuccine Färsk 500g ICA,"43,90 kr","0.5kg 87,80 kr/kg",276 kcal,1167 kJ,2.9 g,0.8 g,50 g,1.2 g,,11 g,0.05 g,,,,https://handlaprivatkund.ica.se/stores/1004181/products/pasta-fettuccine-f%C3%A4rsk-500g-ica/2116939
Baguette Ost & Skinka 210g GreenDeli,"64,00 kr","0.21kg 304,76 kr/kg",255 kcal,1067 kJ,11 g,4.5 g,26.7 g,1.2 g,,11.2 g,1.4 g,,,,https://handlaprivatkund.ica.se/stores/1004181/products/baguette-ost-skinka-210g-greendeli/2066236
Tomatsoppa med bitar 475g ICA,"49,90 kr","0.475kg 105,05 kr/kg",86 kcal,360 kJ,6 g,3 g,6.3 g,4.2 g,,1.8 g,1 g,,,,https://handlaprivatkund.ica.se/stores/1004181/products/tomatsoppa-med-bitar-475g-ica/2107435
Pasta Mezze Lune Karl-johansvamp Färsk 250g ICA Selection,"58,00 kr","0.25kg 232,00 kr/kg",290 kcal,1250 kJ,14 g,3.5 g,32 g,1.2 g,,9.7 g,1.7 g,,,,https://handlaprivatkund.ica.se/stores/1004181/products/pasta-mezze-lune-karl-johansvamp-f%C3%A4rsk-250g-ica-selection/2078634
Baguette Ost & Skinka med Sallad 220g ICA,"55,00 kr","0.22kg 250,00 kr/kg",264 kcal,1106 kJ,14 g,6.8 g,23 g,2.3 g,,11 g,0.75 g,,,,https://handlaprivatkund.ica.se/stores/1004181/products/baguette-ost-skinka-med-sallad-220g-ica/2107450
Bearnaise 200g ICA,"22,90 kr","0.2kg 114,50 kr/kg",582 kcal,2392 kJ,64 g,4.4 g,0.8 g,0.1 g,,0.6 g,1 g,,,,https://handlaprivatkund.ica.se/stores/1004181/products/bearnaise-200g-ica/2055353
Filodeg 450g Fontana,"40,90 kr","0.45kg 90,89 kr/kg",290 kcal,1233 kJ,0.7 g,0.2 g,63 g,1.6 g,,3.6 g,1 g,,,,https://handlaprivatkund.ica.se/stores/1004181/products/filodeg-450g-fontana/2067498
Romsås 180g Korshags,"32,90 kr","0.18kg 182,78 kr/kg",534 kcal,2234 kJ,58 g,5.4 g,4.7 g,2.1 g,,1.3 g,0.5 g,,15.8 g,36.8 g,https://handlaprivatkund.ica.se/stores/1004181/products/roms%C3%A5s-180g-korshags/2140852
Sandwich Club Kyckling 220g Picadeli,"54,00 kr","0.22kg 245,45 kr/kg",265 kcal,1130 kJ,17 g,1.6 g,21 g,1.5 g,,8 g,1.3 g,,,,https://handlaprivatkund.ica.se/stores/1004181/products/sandwich-club-kyckling-220g-picadeli/2129739
Vegoschnitzel Glutenfri 750g Anamma,"114,00 kr","0.75kg 152,00 kr/kg",228 kcal,955 kJ,13 g,1 g,13 g,0.9 g,4.4 g,12 g,1 g,,,,https://handlaprivatkund.ica.se/stores/1004181/products/vegoschnitzel-glutenfri-750g-anamma/2054869
Thai Cube Sweet chili chicken 350g Kitchen Joy,"52,00 kr","0.35kg 148,57 kr/kg",144 kcal,609 kJ,0.7 g,0.2 g,28 g,11 g,0.9 g,5.9 g,0.9 g,,,,https://handlaprivatkund.ica.se/stores/1004181/products/thai-cube-sweet-chili-chicken-350g-kitchen-joy/2050239
Pastasallad Caesar med kyckling 400g ICA,"75,00 kr","0.4kg 187,50 kr/kg",213 kcal,889 kJ,13 g,1.5 g,16 g,0.3 g,,8 g,1.21 g,,,,https://handlaprivatkund.ica.se/stores/1004181/products/pastasallad-caesar-med-kyckling-400g-ica/2129274
Ost & Broccolisoppa 3 portioner 6dl Varma Koppen,"20,90 kr","0.6L 34,83 kr/l",47 kcal,199 kJ,1.8 g,1 g,7 g,0.9 g,0.5 g,0.6 g,0.76 g,,,,https://handlaprivatkund.ica.se/stores/1004181/products/ost-broccolisoppa-3-portioner-6dl-varma-koppen/1008261
Sötpotatissoppa 390g ICA,"26,90 kr","0.39kg 68,97 kr/kg",,,,,,,,,,,,,https://handlaprivatkund.ica.se/stores/1004181/products/s%C3%B6tpotatissoppa-390g-ica/2049593
Pasta Ravioli Fem Ostar Färsk 250g ICA,"40,90 kr","0.25kg 163,60 kr/kg",300 kcal,1260 kJ,9 g,2.8 g,43 g,3.7 g,,10 g,1 g,,,,https://handlaprivatkund.ica.se/stores/1004181/products/pasta-ravioli-fem-ostar-f%C3%A4rsk-250g-ica/2116927
Pizzakit 1-p 600g ICA,"33,90 kr","0.6kg 56,50 kr/kg",190 kcal,800 kJ,3.6 g,0.6 g,34 g,3.5 g,1.6 g,5.8 g,1.4 g,,,,https://handlaprivatkund.ica.se/stores/1004181/products/pizzakit-1-p-600g-ica/2023311
Wrap Kyckling BBQ 300g ICA,"59,00 kr","0.3kg 196,67 kr/kg",190 kcal,796 kJ,7.9 g,0.8 g,25 g,5.4 g,,4.6 g,0.5 g,,,,https://handlaprivatkund.ica.se/stores/1004181/products/wrap-kyckling-bbq-300g-ica/2152117
Pasta Bolognese,"89,00 kr","0.45kg 197,78 kr/kg",,,,,,,,,,,,,https://handlaprivatkund.ica.se/stores/1004181/products/pasta-bolognese/7318690476177
Gulaschsoppa 500g ICA,"43,90 kr","0.5kg 87,80 kr/kg",73 kcal,306 kJ,4 g,0.6 g,4.9 g,1.8 g,,4 g,1.2 g,,,,https://handlaprivatkund.ica.se/stores/1004181/products/gulaschsoppa-500g-ica/2014069
Kebabsås Mild 250g Schysst käk,"35,90 kr","0.25L 143,60 kr/l",410 kcal,1750 kJ,45 g,3.4 g,4 g,2.8 g,,0.8 g,1.4 g,,,,https://handlaprivatkund.ica.se/stores/1004181/products/kebabs%C3%A5s-mild-250g-schysst-k%C3%A4k/2084718
Kyckling och Morotssoppa 475g ICA,"49,90 kr","0.475kg 105,05 kr/kg",101 kcal,420 kJ,6.8 g,4.4 g,6.2 g,3.9 g,,3.7 g,1 g,,,,https://handlaprivatkund.ica.se/stores/1004181/products/kyckling-och-morotssoppa-475g-ica/2107426
Sandwich Lufttorkad skinka 140g Italsandwich,"49,90 kr","0.14kg 356,43 kr/kg",321 kcal,1339 kJ,19.8 g,4 g,21.3 g,1.8 g,,12.8 g,1.9 g,,,,https://handlaprivatkund.ica.se/stores/1004181/products/sandwich-lufttorkad-skinka-140g-italsandwich/2010068
Ärtsoppa Vegetarisk 500g ICA,"16,90 kr","0.5kg 33,80 kr/kg",84 kcal,354 kJ,0.5 g,0.1 g,13 g,0.9 g,4.4 g,5.1 g,0.89 g,,,,https://handlaprivatkund.ica.se/stores/1004181/products/%C3%A4rtsoppa-vegetarisk-500g-ica/2116411
