Name,Price,Size,Energi (kcal),Energi (kJ),Fett,Varav mättat fett,Kolhydrat,Varav sockerarter,Protein,Salt,Kalium,Klorid,Kalcium,Fluorid,Magnesium,Natrium,Vitamin B12,Vitamin B6,Vitamin C,Riboflavin,Niacin,Pantotensyra,Biotin,Krom,Fiber,Folsyra,Vitamin D,Vitamin E,Selen,Zink,Fosfor,Koppar,Järn,Mangan,Varav polyoler,Vitamin A,Tiamin,Citronsyra,url
Vatten Kolsyrat Hallon Rabarber 33cl Loka,"8,90 kr","0.33L 26,97 kr/l exkl pant",0 kcal,0 kJ,0 g,0 g,0 g,0 g,0 g,0.04 g,,,,,,,,,,,,,,,,,,,,,,,,,,,,,https://handlaprivatkund.ica.se/stores/1004181/products/vatten-kolsyrat-hallon-rabarber-33cl-loka/2125524
"Vatten Kolsyrat Ananas 1,5l Ramlösa","18,90 kr","1.5L 12,60 kr/l exkl pant",,,,,,,,,2 mg,16 mg,3.5 mg,2.3 mg,0.8 mg,210 mg,,,,,,,,,,,,,,,,,,,,,,,https://handlaprivatkund.ica.se/stores/1004181/products/vatten-kolsyrat-ananas-1-5l-raml%C3%B6sa/2089693
Night time te Ekologisk 20-p Pukka,"49,90 kr","20 per frp 2,50 kr/st",4 kcal,17 kJ,0.5 g,0.1 g,0.5 g,0.5 g,0.5 g,0.01 g,,,,,,,,,,,,,,,,,,,,,,,,,,,,,https://handlaprivatkund.ica.se/stores/1004181/products/night-time-te-ekologisk-20-p-pukka/1465429
"Energidryck Strawberry Lemonade 35,5cl Celsius","27,90 kr","0.355L 78,59 kr/l exkl pant",4 kcal,17 kJ,0 g,0 g,0 g,0 g,0 g,0 g,,,14 mg,,,,1.7 µg,0.6 mg,17 mg,0.5 mg,5.6 mg,2.8 mg,85 µg,14 µg,,,,,,,,,,,,,,,https://handlaprivatkund.ica.se/stores/1004181/products/energidryck-strawberry-lemonade-35-5cl-celsius/2110665
Lightdryck Crispy Pear 1l Fun Light,"38,90 kr","10L 3,89 kr/l exkl pant",1 kcal,3 kJ,0 g,0 g,0 g,0 g,0 g,0 g,,,,,,,,,,,,,,,,,,,,,,,,,,,,,https://handlaprivatkund.ica.se/stores/1004181/products/lightdryck-crispy-pear-1l-fun-light/2126497
Snabbkaffe Lyx Mellanrost 100g Nescafé,"85,00 kr","50 per frp 1,70 kr/st",,,,,,,,,,,,,,,,,,,,,,,,,,,,,,,,,,,,,https://handlaprivatkund.ica.se/stores/1004181/products/snabbkaffe-lyx-mellanrost-100g-nescaf%C3%A9/2012631
Fruktdryck Blåbär 1l Proviva,"42,90 kr","1L 42,90 kr/l",45 kcal,194 kJ,0.1 g,0 g,10.7 g,8.7 g,0.2 g,0.03 g,,,,,,,,,35 mg,,,,,,0.5 g,,,,,,,,,,,,,,https://handlaprivatkund.ica.se/stores/1004181/products/fruktdryck-bl%C3%A5b%C3%A4r-1l-proviva/2038974
Espresso Hela bönor Ekologisk 500g ICA I love eco,"122,00 kr","0.5kg 244,00 kr/kg",,,,,,,,,,,,,,,,,,,,,,,,,,,,,,,,,,,,,https://handlaprivatkund.ica.se/stores/1004181/products/espresso-hela-b%C3%B6nor-ekologisk-500g-ica-i-love-eco/2021778
"Energidryck Kiwi Guava 35,5cl Celsius","27,90 kr","0.355L 78,59 kr/l exkl pant",16 kcal,4 kJ,0 g,0 g,0 g,0 g,0 g,0 g,,,14 mg,,,,1.7 µg,0.6 mg,17 mg,0.5 mg,5.6 mg,2.8 mg,85 µg,14 µg,0 g,,,,,,,,,,,,,,https://handlaprivatkund.ica.se/stores/1004181/products/energidryck-kiwi-guava-35-5cl-celsius/2105004
Granatäppeldryck Drickfärdig 1l Fontana,"30,90 kr","1L 30,90 kr/l",52 kcal,220 kJ,0.5 g,0 g,11.1 g,10.8 g,0.5 g,0.01 g,,,,,,,,,,,,,,,0.5 g,,,,,,,,,,,,,,https://handlaprivatkund.ica.se/stores/1004181/products/granat%C3%A4ppeldryck-drickf%C3%A4rdig-1l-fontana/1329358
Vatten Stilla 125cl Aquadór,"18,90 kr","1.25L 15,12 kr/l exkl pant",,,,,,,,,,,,,,,,,,,,,,,,,,,,,,,,,,,,,https://handlaprivatkund.ica.se/stores/1004181/products/vatten-stilla-125cl-aquad%C3%B3r/2037202
Iskaffe Tripleshot Espresso 300ml Starbucks®,"30,90 kr","0.3L 103,00 kr/l",71 kcal,299 kJ,2.6 g,1.7 g,9 g,8.5 g,2.8 g,0.1 g,,,,,,,,,,,,,,,,,,,,,,,,,,,,,https://handlaprivatkund.ica.se/stores/1004181/products/iskaffe-tripleshot-espresso-300ml-starbucks/2080502
Protein Coffee Latte 330ml Starbucks®,"32,90 kr","0.33L 99,70 kr/l",51 kcal,215 kJ,1.1 g,0.7 g,4.1 g,3.8 g,6.1 g,0.13 g,,,,,,,,,,,,,,,,,,,,,,,,,,,,,https://handlaprivatkund.ica.se/stores/1004181/products/protein-coffee-latte-330ml-starbucks/2151756
Energidryck Blood Orange Del Sol 330ml Nocco,"26,90 kr","0.33L 81,52 kr/l exkl pant",4 kcal,,0 g,0 g,0 g,0 g,0.9 g,0 g,,,,,,,0.76 µg,0.42 mg,,,3.9 mg,,15 µg,,0 g,30 µg,,,,,,,,,,,,,https://handlaprivatkund.ica.se/stores/1004181/products/energidryck-blood-orange-del-sol-330ml-nocco/2078474
Kolsyrad Fruktdryck Crush Skogsbär 50cl Loka,"17,90 kr","0.5L 35,80 kr/l exkl pant",19 kcal,80 kJ,0 g,0 g,4.7 g,4 g,0 g,0 g,,,,,,,,,,,,,,,,,,,,,,,,,,,,,https://handlaprivatkund.ica.se/stores/1004181/products/kolsyrad-fruktdryck-crush-skogsb%C3%A4r-50cl-loka/2156055
Bryggkaffe Lätt Mörkrost 450g Gevalia,"95,00 kr","0.45kg 211,11 kr/kg",,,,,,,,,,,,,,,,,,,,,,,,,,,,,,,,,,,,,https://handlaprivatkund.ica.se/stores/1004181/products/bryggkaffe-l%C3%A4tt-m%C3%B6rkrost-450g-gevalia/2002415
Fruktdryck Fruit Crush Äpple Hallon 1000ml God Morgon®,"29,90 kr","1L 29,90 kr/l",30 kcal,126 kJ,0 g,0 g,7.3 g,6.8 g,0 g,0 g,,,,,,,,,,,,,,,,,,,,,,,,,,,,,https://handlaprivatkund.ica.se/stores/1004181/products/fruktdryck-fruit-crush-%C3%A4pple-hallon-1000ml-god-morgon/2141507
Läsk Lemon 33cl Fanta Zero,"13,90 kr","3.33L 4,17 kr/l",2 kcal,9 kJ,0 g,0 g,0.2 g,0.2 g,0 g,0.01 g,,,,,,,,,,,,,,,,,,,,,,,,,,,,,https://handlaprivatkund.ica.se/stores/1004181/products/l%C3%A4sk-lemon-33cl-fanta-zero/2126282
Chokladdryck Original Refill 700g O'boy,"49,90 kr","0.7kg 71,29 kr/kg",379 kcal,1605 kJ,2.6 g,1.2 g,82 g,80 g,3.9 g,0.48 g,,,,,,,,,,,,,,,5.7 g,,,,,,,,,,,,,,https://handlaprivatkund.ica.se/stores/1004181/products/chokladdryck-original-refill-700g-o-boy/1354730
Bryggkaffe Fikastund 450g Zoegas,"104,00 kr","0.45kg 231,11 kr/kg",,,,,,,,,,,,,,,,,,,,,,,,,,,,,,,,,,,,,https://handlaprivatkund.ica.se/stores/1004181/products/bryggkaffe-fikastund-450g-zoegas/2151446
"Bryggkaffe, Brazil, Mörkrost, 450g Lindvalls","78,00 kr","0.45kg 173,33 kr/kg",,,,,,,,,,,,,,,,,,,,,,,,,,,,,,,,,,,,,https://handlaprivatkund.ica.se/stores/1004181/products/bryggkaffe-brazil-m%C3%B6rkrost-450g-lindvalls/2022076
Awake Hallon 50cl Vitamin Well,"26,90 kr","0.5L 53,80 kr/l exkl pant",17 kcal,71 kJ,0 g,0 g,4.2 g,4.2 g,0 g,0.025 g,,,,,11.3 mg,,0.25 µg,,,,1.6 mg,0.48 mg,5 µg,,0 g,40 µg,1.5 µg,1.4 mg,5 µg,0.9 mg,,,,,,,,,https://handlaprivatkund.ica.se/stores/1004181/products/awake-hallon-50cl-vitamin-well/1526745
Läsk Geléhallon Zero 33cl Trocadero,"10,90 kr","0.33L 33,03 kr/l exkl pant",2 kcal,8 kJ,0 g,0 g,0 g,0 g,0 g,0 g,,,,,,,,,,,,,,,,,,,,,,,,,,,,,https://handlaprivatkund.ica.se/stores/1004181/products/l%C3%A4sk-gel%C3%A9hallon-zero-33cl-trocadero/2126283
Läsk Lemon Lime 33cl Sprite zero,"13,90 kr","0.33L 42,12 kr/l exkl pant",1 kcal,5 kJ,0 g,0 g,0 g,0 g,0 g,0.03 g,,,,,,,,,,,,,,,,,,,,,,,,,,,,,https://handlaprivatkund.ica.se/stores/1004181/products/l%C3%A4sk-lemon-lime-33cl-sprite-zero/2078553
Cider Lemon Spritz Alkoholfri 33cl Somersby,"16,90 kr","0.33L 51,21 kr/l",51 kcal,215 kJ,0 g,0 g,12.2 g,12.2 g,0 g,0 g,,,,,,,,,,,,,,,,,,,,,,,,,,,,,https://handlaprivatkund.ica.se/stores/1004181/products/cider-lemon-spritz-alkoholfri-33cl-somersby/2094242
Icetea Citron & lime 2l Pfanner,"31,90 kr","2L 15,95 kr/l",26 kcal,110 kJ,0.5 g,0.1 g,6.3 g,6.3 g,0.5 g,0.01 g,,,,,,,,,,,,,,,,,,,,,,,,,,,,,https://handlaprivatkund.ica.se/stores/1004181/products/icetea-citron-lime-2l-pfanner/1445576
Läsk Sockerdricka 150cl ICA,"19,90 kr","1.5L 13,27 kr/l exkl pant",30 kcal,120 kJ,0.5 g,0.5 g,6.5 g,6.4 g,0.5 g,0 g,,,,,,,,,,,,,,,,,,,,,,,,,,,,,https://handlaprivatkund.ica.se/stores/1004181/products/l%C3%A4sk-sockerdricka-150cl-ica/1467267
Energidryck Norrsken 33cl Latitude 65,"24,90 kr","0.33L 75,45 kr/l exkl pant",1 kcal,4 kJ,0 g,0 g,0 g,0 g,0 g,0 g,,,,,,,,0.4 mg,,,1.2 mg,,15.2 µg,,,151.5 µg,,,,,,,,,,,,,https://handlaprivatkund.ica.se/stores/1004181/products/energidryck-norrsken-33cl-latitude-65/2110557
"Läsk 7-UP Free 1,5l","25,90 kr","1.5L 17,27 kr/l exkl pant",1 kcal,5 kJ,0 g,0 g,0 g,0 g,0.1 g,0.05 g,,,,,,,,,,,,,,,,,,,,,,,,,,,,,https://handlaprivatkund.ica.se/stores/1004181/products/l%C3%A4sk-7-up-free-1-5l/2073928
Iste Mango 50g Lipton,"13,90 kr","0.05kg 278,00 kr/kg",20 kcal,83 kJ,0.5 g,0.1 g,4.7 g,4.6 g,0.5 g,0.05 g,,,,,,,,,,,,,,,,,,,,,,,,,,,,,https://handlaprivatkund.ica.se/stores/1004181/products/iste-mango-50g-lipton/2139042
Juice Äpple utan fruktkött 1.75l ICA,"38,90 kr","1.75L 22,23 kr/l",43 kcal,183 kJ,0 g,0 g,10 g,9.7 g,0 g,0 g,,,,,,,,,,,,,,,,,,,,,,,,,,,,,https://handlaprivatkund.ica.se/stores/1004181/products/juice-%C3%A4pple-utan-fruktk%C3%B6tt-1-75l-ica/2065066
Ingefärsshot 500ml Rynkeby,"56,00 kr","0.5L 112,00 kr/l",71 kcal,301 kJ,0.5 g,0 g,12 g,12 g,0.7 g,0 g,,,,,,,,,40 mg,,,,,,,,,,,,,,,,,,,,https://handlaprivatkund.ica.se/stores/1004181/products/ingef%C3%A4rsshot-500ml-rynkeby/1521124
"Chokladmjölk Familjefavoriter 0,5% 1l Arla®","27,90 kr","1L 27,90 kr/l",57 kcal,243 kJ,0.5 g,0.4 g,9.5 g,9.4 g,3.6 g,0.11 g,,,118 mg,,,,0.46 µg,,,,,,,,0.4 g,,,,,,,,,,,,,,https://handlaprivatkund.ica.se/stores/1004181/products/chokladmj%C3%B6lk-familjefavoriter-0-5-1l-arla/2118787
Läsk Apelsin 33cl Zingo,"11,90 kr","0.33L 36,06 kr/l exkl pant",47 kcal,197 kJ,0 g,0 g,11 g,11 g,0 g,0 g,,,,,,,,,,,,,,,,,,,,,,,,,,,,,https://handlaprivatkund.ica.se/stores/1004181/products/l%C3%A4sk-apelsin-33cl-zingo/2094041
Kolsyrat Vatten Ananas Passionsfrukt 150cl Loka,"15,90 kr","1.5L 10,60 kr/l exkl pant",0 kcal,0 kJ,0 g,0 g,0 g,0 g,0 g,0.04 g,,,,,,,,,,,,,,,,,,,,,,,,,,,,,https://handlaprivatkund.ica.se/stores/1004181/products/kolsyrat-vatten-ananas-passionsfrukt-150cl-loka/2105000
Läsk Cola Vanilla Zero 50cl Coca-Cola,"19,90 kr","0.5L 39,80 kr/l exkl pant",0.3 kcal,1.3 kJ,0 g,0 g,0 g,0 g,0 g,0.01 g,,,,,,,,,,,,,,,,,,,,,,,,,,,,,https://handlaprivatkund.ica.se/stores/1004181/products/l%C3%A4sk-cola-vanilla-zero-50cl-coca-cola/2073921
Måltidsdryck Päron 2dl ICA,"8,90 kr","1L 8,90 kr/l drickklar",,,,,,,,,,,,,,,,,,,,,,,,,,,,,,,,,,,,,https://handlaprivatkund.ica.se/stores/1004181/products/m%C3%A5ltidsdryck-p%C3%A4ron-2dl-ica/1514880
Grönt Te Äppellund 17-Pack Arvid Nordquist,"39,90 kr","17 per frp 2,35 kr/st",,,,,,,,,,,,,,,,,,,,,,,,,,,,,,,,,,,,,https://handlaprivatkund.ica.se/stores/1004181/products/gr%C3%B6nt-te-%C3%A4ppellund-17-pack-arvid-nordquist/2151464
"Tonic Water 1,5l Schweppes","31,90 kr","1.5L 21,27 kr/l exkl pant",37 kcal,159 kJ,0 g,0 g,8.9 g,8.9 g,0 g,0 g,,,,,,,,,,,,,,,,,,,,,,,,,,,,,https://handlaprivatkund.ica.se/stores/1004181/products/tonic-water-1-5l-schweppes/1360436
Bryggkaffe Peru Ekologisk 450g ICA I love eco,"87,00 kr","0.45kg 193,33 kr/kg",,,,,,,,,,,,,,,,,,,,,,,,,,,,,,,,,,,,,https://handlaprivatkund.ica.se/stores/1004181/products/bryggkaffe-peru-ekologisk-450g-ica-i-love-eco/2021780
Läsk Apelsin 150cl ICA,"19,90 kr","1.5L 13,27 kr/l exkl pant",30 kcal,130 kJ,0 g,0 g,7.6 g,7.5 g,0 g,0 g,,,,,,,,,,,,,,,,,,,,,,,,,,,,,https://handlaprivatkund.ica.se/stores/1004181/products/l%C3%A4sk-apelsin-150cl-ica/1467269
Fruktdryck Lingon Sockerfri 50cl MER,"16,90 kr","0.5L 33,80 kr/l exkl pant",3 kcal,12 kJ,0 g,0 g,0.4 g,0.4 g,0 g,0 g,,,,,,,,,,,,,,,,,,,,,,,,,,,,,https://handlaprivatkund.ica.se/stores/1004181/products/fruktdryck-lingon-sockerfri-50cl-mer/2078560
Lightdryck Cloudy Apple Sockerfri 1l Fun Light,"38,90 kr","10L 3,89 kr/l exkl pant",1 kcal,4 kJ,0 g,0 g,0 g,0 g,0 g,0 g,,,,,,,,,,,,,,,,,,,,,,,,,,,,,https://handlaprivatkund.ica.se/stores/1004181/products/lightdryck-cloudy-apple-sockerfri-1l-fun-light/2079287
Iskaffe ICE Cappuccino Vanilj 230ml Löfbergs,"25,90 kr","0.23L 112,61 kr/l",72 kcal,303 kJ,3.2 g,2 g,9.2 g,8.1 g,1.6 g,0.24 g,,,,,,,,,,,,,,,,,,,,,,,,,,,,,https://handlaprivatkund.ica.se/stores/1004181/products/iskaffe-ice-cappuccino-vanilj-230ml-l%C3%B6fbergs/2135115
Snabbkaffe Original Mellanrost Refill 200g Gevalia,"118,00 kr","0.2kg 590,00 kr/kg",,,,,,,,,,,,,,,,,,,,,,,,,,,,,,,,,,,,,https://handlaprivatkund.ica.se/stores/1004181/products/snabbkaffe-original-mellanrost-refill-200g-gevalia/1527753
"Juice Äpple 1,75l God Morgon®","53,00 kr","1.75L 30,29 kr/l",43 kcal,183 kJ,0.5 g,0 g,10 g,9.7 g,0.5 g,0 g,,,,,,,,,40 mg,,,,,,,,,,,,,,,,,,,,https://handlaprivatkund.ica.se/stores/1004181/products/juice-%C3%A4pple-1-75l-god-morgon/1498942
Lightdryck Lemonade Sockerfri 1l Fun light,"38,90 kr","10L 3,89 kr/l exkl pant",1 kcal,3 kJ,0 g,0 g,0 g,0 g,0 g,0 g,,,,,,,,,,,,,,,,,,,,,,,,,,,,,https://handlaprivatkund.ica.se/stores/1004181/products/lightdryck-lemonade-sockerfri-1l-fun-light/2037129
Reload Citron & lime 50cl Vitamin Well,"26,90 kr","0.5L 53,80 kr/l exkl pant",17 kcal,71 kJ,0 g,0 g,4.2 g,4.2 g,0 g,0.03 g,,,,,11.3 mg,,0.25 µg,,,,1.6 mg,0.48 mg,5 µg,,0 g,40 µg,1.5 µg,1.4 mg,5 µg,0.9 mg,,,,,,,,,https://handlaprivatkund.ica.se/stores/1004181/products/reload-citron-lime-50cl-vitamin-well/1387859
Kaffe Mellan Hela bönor 500g Arvid Nordquist,"118,00 kr","0.5kg 236,00 kr/kg",,,,,,,,,,,,,,,,,,,,,,,,,,,,,,,,,,,,,https://handlaprivatkund.ica.se/stores/1004181/products/kaffe-mellan-hela-b%C3%B6nor-500g-arvid-nordquist/1441006
Läsk Mixers Lemon 50cl Schweppes,"19,90 kr","0.5L 39,80 kr/l exkl pant",19 kcal,80 kJ,0 g,0 g,4.4 g,4.3 g,0 g,0.02 g,,,,,,,,,,,,,,,,,,,,,,,,,,,,,https://handlaprivatkund.ica.se/stores/1004181/products/l%C3%A4sk-mixers-lemon-50cl-schweppes/2149408
Snabbkaffe Gold Koffeinfri 100g Nescafe,"103,00 kr","50 per frp 2,06 kr/st",,,,,,,,,,,,,,,,,,,,,,,,,,,,,,,,,,,,,https://handlaprivatkund.ica.se/stores/1004181/products/snabbkaffe-gold-koffeinfri-100g-nescafe/2075973
"Pärondryck med ciderkaraktär Light 1,5l ICA","19,90 kr","1.5L 13,27 kr/l exkl pant",7 kcal,29 kJ,0 g,0 g,1.7 g,1.7 g,0 g,0 g,,,,,,,,,,,,,,,,,,,,,,,,,,,,,https://handlaprivatkund.ica.se/stores/1004181/products/p%C3%A4rondryck-med-ciderkarakt%C3%A4r-light-1-5l-ica/1467260
Örtte Chai 20-p ICA,"17,90 kr","20 per frp 0,90 kr/st",,,,,,,,,,,,,,,,,,,,,,,,,,,,,,,,,,,,,https://handlaprivatkund.ica.se/stores/1004181/products/%C3%B6rtte-chai-20-p-ica/2011172
"Öl Alkoholfri 0,0% Carlsberg","16,90 kr","0.33L 51,21 kr/l",12 kcal,53 kJ,0 g,0 g,2.8 g,0 g,0.3 g,0 g,,,,,,,,,,,,,,,,,,,,,,,,,,,,,https://handlaprivatkund.ica.se/stores/1004181/products/%C3%B6l-alkoholfri-0-0-carlsberg/2110690
Läsk Cola Zero 33cl Coca-Cola,"13,90 kr","0.33L 42,12 kr/l exkl pant",0.3 kcal,1.3 kJ,0 g,0 g,0 g,0 g,0 g,0.01 g,,,,,,,,,,,,,,,,,,,,,,,,,,,,,https://handlaprivatkund.ica.se/stores/1004181/products/l%C3%A4sk-cola-zero-33cl-coca-cola/2037186
Vatten Kolsyrat Jordgubb Granatäpple 50cl Loka,"15,90 kr","0.5L 31,80 kr/l exkl pant",0 kcal,0 kJ,0 g,0 g,0 g,0 g,0 g,0.04 g,,,,,,,,,,,,,,,,,,,,,,,,,,,,,https://handlaprivatkund.ica.se/stores/1004181/products/vatten-kolsyrat-jordgubb-granat%C3%A4pple-50cl-loka/2073914
Sportdryck Blue Raspberry 50cl Prime Hydration,"30,90 kr","0.5L 61,80 kr/l exkl pant",4 kcal,17 kJ,0 g,0 g,1 g,0.5 g,0 g,0.02 g,140 mg,,,,24.8 mg,,0.96 µg,0.68 mg,,,,,,,,,,3 mg,,,,,,,,,,,https://handlaprivatkund.ica.se/stores/1004181/products/sportdryck-blue-raspberry-50cl-prime-hydration/2120531
Läsk Mixers Indian Tonic Zero 1.5l Schweppes,"31,90 kr","1.5L 21,27 kr/l exkl pant",2 kcal,8 kJ,0 g,0 g,0 g,0 g,0 g,0 g,,,,,,,,,,,,,,,,,,,,,,,,,,,,,https://handlaprivatkund.ica.se/stores/1004181/products/l%C3%A4sk-mixers-indian-tonic-zero-1-5l-schweppes/2149412
Te Wild Apple & cinnamon Ekologisk 20-p Pukka,"49,90 kr","20 per frp 2,50 kr/st",0 kcal,0 kJ,0 g,0 g,0 g,0 g,0 g,0 g,,,,,,,,,,,,,,,,,,,,,,,,,,,,,https://handlaprivatkund.ica.se/stores/1004181/products/te-wild-apple-cinnamon-ekologisk-20-p-pukka/2022004
"Öl Ljus lager 3,5% 330ml Peroni","26,90 kr","0.33L 81,52 kr/l",30 kcal,124 kJ,0 g,0 g,2.2 g,0 g,0.3 g,0 g,,,,,,,,,,,,,,,,,,,,,,,,,,,,,https://handlaprivatkund.ica.se/stores/1004181/products/%C3%B6l-ljus-lager-3-5-330ml-peroni/2086474
Chokladmjölk Pucko® Original 270ml Cocio,"20,90 kr","0.27L 77,41 kr/l",67 kcal,283 kJ,1.6 g,1 g,9.5 g,9.4 g,3.5 g,0.14 g,,,,,,,,,,,,,,,,,,,,,,,,,,,,,https://handlaprivatkund.ica.se/stores/1004181/products/chokladmj%C3%B6lk-pucko-original-270ml-cocio/1403356
Cider Smultron Alkoholfri 1l Herrljunga,"21,90 kr","1L 21,90 kr/l exkl pant",7 kcal,28 kJ,0.5 g,0.1 g,1.3 g,1.2 g,0.5 g,0.01 g,,,,,,0 g,,,,,,,,,,,,,,,,,,,,,,,https://handlaprivatkund.ica.se/stores/1004181/products/cider-smultron-alkoholfri-1l-herrljunga/2132420
Kokosvatten Natural 1l Vita Coco,"59,00 kr","1L 59,00 kr/l",13 kcal,56 kJ,0 g,0 g,3.3 g,2.2 g,0 g,0.06 g,196 mg,,,,,,,,6 mg,,,,,,,,,,,,,,,,,,,,https://handlaprivatkund.ica.se/stores/1004181/products/kokosvatten-natural-1l-vita-coco/1526729
"Öl Extra Brew 3,5% 50cl 6-p Falcon","91,00 kr","3L 30,33 kr/l exkl pant",31 kcal,130 kJ,0 g,0 g,2.8 g,0 g,0.3 g,0 g,,,,,,,,,,,,,,,,,,,,,,,,,,,,,https://handlaprivatkund.ica.se/stores/1004181/products/%C3%B6l-extra-brew-3-5-50cl-6-p-falcon/1397713
Energidryck Focus Grand Sour 33cl Nocco,"26,90 kr","0.33L 81,52 kr/l exkl pant",1 kcal,5 kJ,0 g,0 g,0 g,0 g,0 g,0 g,,,,,,,0.76 µg,0.42 mg,,,3.9 mg,,15 µg,,0 g,30 µg,,,,,,,,,,,,,https://handlaprivatkund.ica.se/stores/1004181/products/energidryck-focus-grand-sour-33cl-nocco/2125444
Flädercider 1l Herrljunga,"21,90 kr","1L 21,90 kr/l exkl pant",,,,,,,,,,,,,,,,,,,,,,,,,,,,,,,,,,,,,https://handlaprivatkund.ica.se/stores/1004181/products/fl%C3%A4dercider-1l-herrljunga/1329130
Grönt te Citron & ingefära 20-p Friggs,"27,90 kr","20 per frp 1,40 kr/st",,,,,,,,,,,,,,,,,,,,,,,,,,,,,,,,,,,,,https://handlaprivatkund.ica.se/stores/1004181/products/gr%C3%B6nt-te-citron-ingef%C3%A4ra-20-p-friggs/1295235
Svart te Ceylon 100-p ICA Basic,"22,90 kr","100 per frp 0,23 kr/st",,,,,,,,,,,,,,,,,,,,,,,,,,,,,,,,,,,,,https://handlaprivatkund.ica.se/stores/1004181/products/svart-te-ceylon-100-p-ica-basic/1417850
Kaffefilter 1x4 oblekta 80-p ICA,"17,90 kr","80 per frp 0,22 kr/st",,,,,,,,,,,,,,,,,,,,,,,,,,,,,,,,,,,,,https://handlaprivatkund.ica.se/stores/1004181/products/kaffefilter-1x4-oblekta-80-p-ica/2021775
Juice Tropisk 900ml Innocent,"47,90 kr","0.9L 53,22 kr/l exkl pant",,,,,,,,,,,,,,,,,,,,,,,,,,,,,,,,,,,,,https://handlaprivatkund.ica.se/stores/1004181/products/juice-tropisk-900ml-innocent/2052854
Vatten Kolsyrad Mango & acai 50cl Bonaqua,"15,90 kr","0.5L 31,80 kr/l exkl pant",10 kcal,40 kJ,0 g,0 g,2.2 g,2.2 g,0 g,0.02 g,,,,,,,,,,,,,,,,,,,,,,,,,,,,,https://handlaprivatkund.ica.se/stores/1004181/products/vatten-kolsyrad-mango-acai-50cl-bonaqua/2078550
Te portion Rooibos te Mangostan 20 Styck ICA,"17,90 kr","20 per frp 0,90 kr/st",,,,,,,,,,,,,,,,,,,,,,,,,,,,,,,,,,,,,https://handlaprivatkund.ica.se/stores/1004181/products/te-portion-rooibos-te-mangostan-20-styck-ica/2162113
Svart Te Tea Collection 40st Lipton,"48,90 kr","40 per frp 1,22 kr/st",4 kcal,17 kJ,0 g,0 g,0.5 g,0.5 g,0.5 g,0 g,,,,,,,,,,,,,,,,,,,,,,,,,,,,,https://handlaprivatkund.ica.se/stores/1004181/products/svart-te-tea-collection-40st-lipton/2166215
Vatten Kolsyrad 50cl San Pellegrino,"16,90 kr","0.5L 33,80 kr/l exkl pant",,,,,,,,,2.5 mg,57.5 mg,181 mg,0.5 mg,53.5 mg,0.0361 g,,,,,,,,0.001 µg,,,,,1 µg,,0.05 mg,0.1 mg,0.02 mg,0.01 mg,,,,,https://handlaprivatkund.ica.se/stores/1004181/products/vatten-kolsyrad-50cl-san-pellegrino/1330708
Energidryck Absolutely zero 50cl Monster Energy,"21,90 kr","0.5L 43,80 kr/l exkl pant",3 kcal,15 kJ,0 g,0 g,1.1 g,0 g,0 g,0.21 g,,,,,,,,,,,,,,,,,,,,,,,,,,,,,https://handlaprivatkund.ica.se/stores/1004181/products/energidryck-absolutely-zero-50cl-monster-energy/1463328
Kolsyrad Fruktdryck Crush Skogsbär 1.4l Loka,"28,90 kr","1.4L 20,64 kr/l exkl pant",19 kcal,80 kJ,0 g,0 g,4.7 g,4 g,0 g,0 g,,,,,,,,,,,,,,,,,,,,,,,,,,,,,https://handlaprivatkund.ica.se/stores/1004181/products/kolsyrad-fruktdryck-crush-skogsb%C3%A4r-1-4l-loka/2156054
Shot Ingefära Kallpressad 500ml ICA Selection,"78,00 kr","0.5L 156,00 kr/l exkl pant",36 kcal,155 kJ,0 g,0 g,8.6 g,7.6 g,0 g,0 g,,,,,,,,,,,,,,,,,,,,,,,,,,,,,https://handlaprivatkund.ica.se/stores/1004181/products/shot-ingef%C3%A4ra-kallpressad-500ml-ica-selection/2127586
"Fruktdryck Crush Päron 1,4l Loka","28,90 kr","1.4L 20,64 kr/l exkl pant",21 kcal,87 kJ,0.5 g,0 g,5 g,4 g,0.5 g,0.1 g,,,,,,,,,,,,,,,,,,,,,,,,,,,,,https://handlaprivatkund.ica.se/stores/1004181/products/fruktdryck-crush-p%C3%A4ron-1-4l-loka/1467613
Smoothie Äpple Banan Ananas 1000ml Bravo,"49,90 kr","1L 49,90 kr/l",54 kcal,228 kJ,0 g,0 g,12 g,12 g,0.5 g,0 g,,,,,,,,,,,,,,,,,,,,,,,,,,,,,https://handlaprivatkund.ica.se/stores/1004181/products/smoothie-%C3%A4pple-banan-ananas-1000ml-bravo/2141512
Lightdryck Ice Tea Mango mania Sockerfri 1l Fun Light,"38,90 kr","10L 3,89 kr/l exkl pant",1 kcal,4 kJ,0 g,0 g,0 g,0 g,0 g,0 g,,,,,,,,,,,,,,,,,,,,,,,,,,,,,https://handlaprivatkund.ica.se/stores/1004181/products/lightdryck-ice-tea-mango-mania-sockerfri-1l-fun-light/2105125
Cider Päron Alkoholfri 33cl Somersby,"16,90 kr","0.33L 51,21 kr/l",43 kcal,181 kJ,0 g,0 g,10.2 g,9.9 g,0 g,0.01 g,,,,,,,,,,,,,,,,,,,,,,,,,,,,,https://handlaprivatkund.ica.se/stores/1004181/products/cider-p%C3%A4ron-alkoholfri-33cl-somersby/2031074
Svart Te Yellow label 25-p Lipton,"22,90 kr","25 per frp 0,92 kr/st",4 kcal,17 kJ,0.5 g,0.1 g,0.5 g,0.5 g,0.5 g,0.01 g,,,,,,,,,,,,,,,,,,,,,,,,,,,,,https://handlaprivatkund.ica.se/stores/1004181/products/svart-te-yellow-label-25-p-lipton/2099665
Vätskeersättning Rehydrate Citron Lime 500ml HYD,"29,90 kr","0.5L 59,80 kr/l exkl pant",15 kcal,66 kJ,0 g,0 g,3.4 g,3.4 g,0 g,0.16 g,,,,,11.3 mg,,,0.11 mg,,,1.2 mg,,,,,,,,,,,,,,,,,,https://handlaprivatkund.ica.se/stores/1004181/products/v%C3%A4tskeers%C3%A4ttning-rehydrate-citron-lime-500ml-hyd/2105779
Äpple kanel & russin te 25-p Twinings,"43,90 kr","25 per frp 1,76 kr/st",,,,,,,,,,,,,,,,,,,,,,,,,,,,,,,,,,,,,https://handlaprivatkund.ica.se/stores/1004181/products/%C3%A4pple-kanel-russin-te-25-p-twinings/1487007
Havtornsdryck Ekologisk 1l KRAV Finnerödja,"41,90 kr","1L 41,90 kr/l",49 kcal,206 kJ,0.8 g,0.1 g,9.2 g,9.1 g,0.1 g,0 g,,,,,,,,,,,,,,,,,,,,,,,,,,,,,https://handlaprivatkund.ica.se/stores/1004181/products/havtornsdryck-ekologisk-1l-krav-finner%C3%B6dja/1506293
Iskaffe Caffe latte 220ml Starbucks®,"26,90 kr","0.22L 122,27 kr/l",70 kcal,293 kJ,2.4 g,1.5 g,8.7 g,8.2 g,2.8 g,0.09 g,,,,,,,,,,,,,,,,,,,,,,,,,,,,,https://handlaprivatkund.ica.se/stores/1004181/products/iskaffe-caffe-latte-220ml-starbucks/1429697
Fruktdryck Blodapelsin Äpple 1000ml God Morgon,"48,90 kr","1L 48,90 kr/l",42 kcal,176 kJ,0 g,0 g,9.1 g,8.6 g,0 g,0 g,,,,,,,,,,,,,,,,,,,,,,,,,,,,,https://handlaprivatkund.ica.se/stores/1004181/products/fruktdryck-blodapelsin-%C3%A4pple-1000ml-god-morgon/2151620
Bryggkaffe Mellanrost 450g Löfbergs,"88,00 kr","0.45kg 195,56 kr/kg",,,,,,,,,,,,,,,,,,,,,,,,,,,,,,,,,,,,,https://handlaprivatkund.ica.se/stores/1004181/products/bryggkaffe-mellanrost-450g-l%C3%B6fbergs/2128931
Äppeljuice Cloudy 1l ICA,"39,90 kr","1L 39,90 kr/l exkl pant",45 kcal,190 kJ,0.1 g,0 g,10 g,9.9 g,0.1 g,0 g,,,,,,,,,,,,,,,,,,,,,,,,,,,,,https://handlaprivatkund.ica.se/stores/1004181/products/%C3%A4ppeljuice-cloudy-1l-ica/2038424
Blandsaft Svartvinbär Högkoncentrerat 1l ICA,"52,00 kr","8L 6,50 kr/l exkl pant",30 kcal,120 kJ,0 g,0 g,6.5 g,6.5 g,0 g,0 g,,,,,,,,,,,,,,,,,,,,,,,,,,,,,https://handlaprivatkund.ica.se/stores/1004181/products/blandsaft-svartvinb%C3%A4r-h%C3%B6gkoncentrerat-1l-ica/1521371
Iskaffe ICE Salted Caramel 230ml Löfbergs,"25,90 kr","0.23L 112,61 kr/l",73 kcal,309 kJ,2.4 g,1.5 g,9.8 g,9.3 g,3.1 g,0.26 g,,,,,,,,,,,,,,,0.2 g,,,,,,,,,,,,,,https://handlaprivatkund.ica.se/stores/1004181/products/iskaffe-ice-salted-caramel-230ml-l%C3%B6fbergs/2080505
Smoothie Blåbär Hallon Svarta vinbär 300ml Brämhults,"36,90 kr","0.3L 123,00 kr/l exkl pant",54 kcal,226 kJ,0 g,0 g,12 g,11 g,0.6 g,0.01 g,,,,,,,,,85 mg,,,,,,1 g,,,1.8 mg,,,,,,,,,,,https://handlaprivatkund.ica.se/stores/1004181/products/smoothie-bl%C3%A5b%C3%A4r-hallon-svarta-vinb%C3%A4r-300ml-br%C3%A4mhults/2063033
Blandsaft Päron Högkoncentrerat 1l ICA,"41,90 kr","8L 5,24 kr/l exkl pant",26 kcal,110 kJ,0 g,0 g,6.4 g,6.4 g,0 g,0 g,,,,,,,,,,,,,,,,,,,,,,,,,,,,,https://handlaprivatkund.ica.se/stores/1004181/products/blandsaft-p%C3%A4ron-h%C3%B6gkoncentrerat-1l-ica/1521372
Blandsaft Hallon Högkoncentrerat 1l ICA,"53,00 kr","8L 6,63 kr/l exkl pant",25 kcal,105 kJ,0 g,0 g,6.1 g,6.1 g,0 g,0 g,,,,,,,,,,,,,,,,,,,,,,,,,,,,,https://handlaprivatkund.ica.se/stores/1004181/products/blandsaft-hallon-h%C3%B6gkoncentrerat-1l-ica/1521369
Kaffekapslar Lungo 8 Profondo 10-p L'OR,"55,00 kr","10 per frp 5,50 kr/st",,,,,,,,,,,,,,,,,,,,,,,,,,,,,,,,,,,,,https://handlaprivatkund.ica.se/stores/1004181/products/kaffekapslar-lungo-8-profondo-10-p-l-or/2022068
Te Svart Chai Pyramid 20p Lipton,"31,90 kr","20 per frp 1,60 kr/st",4 kcal,17 kJ,0.5 g,0.1 g,0.5 g,0.5 g,0.5 g,0.01 g,,,,,,,,,,,,,,,,,,,,,,,,,,,,,https://handlaprivatkund.ica.se/stores/1004181/products/te-svart-chai-pyramid-20p-lipton/2139053
Energidryck 35cl Red Bull,"22,90 kr","0.355L 64,51 kr/l exkl pant",46 kcal,194 kJ,0 g,0 g,11 g,11 g,0 g,0.1 g,,,,,,,2 µg,2 mg,,,8 mg,2 mg,,,,,,,,,,,,,,,,,https://handlaprivatkund.ica.se/stores/1004181/products/energidryck-35cl-red-bull/1400367
Bryggkaffe El-brygg Mellanrost 450g Gevalia,"95,00 kr","0.45kg 211,11 kr/kg",,,,,,,,,,,,,,,,,,,,,,,,,,,,,,,,,,,,,https://handlaprivatkund.ica.se/stores/1004181/products/bryggkaffe-el-brygg-mellanrost-450g-gevalia/2002412
Lightdryck Strawberry Sockerfri 1l Fun Light,"38,90 kr","10L 3,89 kr/l exkl pant",1 kcal,4 kJ,0 g,0 g,0 g,0 g,0 g,0 g,,,,,,,,,,,,,,,,,,,,,,,,,,,,,https://handlaprivatkund.ica.se/stores/1004181/products/lightdryck-strawberry-sockerfri-1l-fun-light/1512960
Cider Alkoholfri 0.5% Rosé 33cl Briska,"16,90 kr","0.33L 51,21 kr/l exkl pant",47 kcal,195 kJ,0 g,0 g,11.5 g,11.5 g,0 g,0 g,,,,,,,,,,,,,,,,,,,,,,,,,,,,,https://handlaprivatkund.ica.se/stores/1004181/products/cider-alkoholfri-0-5-ros%C3%A9-33cl-briska/2155097
Three ginger te Ekologisk 20-p Pukka,"49,90 kr","20 per frp 2,50 kr/st",4 kcal,17 kJ,0.5 g,0.5 g,0.5 g,0.5 g,0.5 g,0.01 g,,,,,,,,,,,,,,,,,,,,,,,,,,,,,https://handlaprivatkund.ica.se/stores/1004181/products/three-ginger-te-ekologisk-20-p-pukka/1499336
Energidryck Juicy Breeze 33cl Nocco,"26,90 kr","0.33L 81,52 kr/l exkl pant",5 kcal,23 kJ,0 g,0 g,0 g,0 g,0.9 g,0 g,,,,,,,0.76 µg,0.42 mg,,,3.9 mg,,15 µg,,0 g,30 µg,1.5 µg,,,,,,,,,,,,https://handlaprivatkund.ica.se/stores/1004181/products/energidryck-juicy-breeze-33cl-nocco/2094031
Cider Alkoholfri 0.5% Fläder 33cl Briska,"16,90 kr","0.33L 51,21 kr/l exkl pant",37 kcal,155 kJ,0 g,0 g,8.5 g,8.5 g,0 g,0 g,,,,,,,,,,,,,,,,,,,,,,,,,,,,,https://handlaprivatkund.ica.se/stores/1004181/products/cider-alkoholfri-0-5-fl%C3%A4der-33cl-briska/2155094
Äppeljuice Koncentrat 2dl ICA,"17,90 kr","1L 17,90 kr/l drickklar",,,,,,,,,,,,,,,,,,,,,,,,,,,,,,,,,,,,,https://handlaprivatkund.ica.se/stores/1004181/products/%C3%A4ppeljuice-koncentrat-2dl-ica/1411007
Bryggkaffe Mellanrost perfekt med mjölk 450g Löfbergs,"88,00 kr","0.45kg 195,56 kr/kg",,,,,,,,,,,,,,,,,,,,,,,,,,,,,,,,,,,,,https://handlaprivatkund.ica.se/stores/1004181/products/bryggkaffe-mellanrost-perfekt-med-mj%C3%B6lk-450g-l%C3%B6fbergs/2012278
"Energidryck Citron Lime 35,5cl Celsius","27,90 kr","0.355L 78,59 kr/l exkl pant",1 kcal,4 kJ,0 g,0 g,0 g,0 g,0 g,0.08 g,,,,,,,1.7 µg,0.6 mg,17 mg,0.5 mg,5.6 mg,2.8 mg,85 µg,14 µg,0.5 g,,,,,,,,,,,,,,https://handlaprivatkund.ica.se/stores/1004181/products/energidryck-citron-lime-35-5cl-celsius/1468584
Vatten Kolsyrad Hallon & björnbär 50cl Bonaqua silver,"15,90 kr","0.5L 31,80 kr/l exkl pant",10 kcal,43 kJ,0 g,0 g,2.3 g,2.3 g,0 g,0 g,,,,,,,,,,,,,,,,,,,,,,,,,,,,,https://handlaprivatkund.ica.se/stores/1004181/products/vatten-kolsyrad-hallon-bj%C3%B6rnb%C3%A4r-50cl-bonaqua-silver/1521492
Tonic water Indian 20cl Britvic,"20,90 kr","0.2L 104,50 kr/l",24 kcal,104 kJ,0 g,0 g,5.8 g,5.8 g,0 g,0 g,,,,,,,,,,,,,,,,,,,,,,,,,,,,,https://handlaprivatkund.ica.se/stores/1004181/products/tonic-water-indian-20cl-britvic/1531730
Läsk Pepsi 50cl,"18,90 kr","0.5L 37,80 kr/l exkl pant",28 kcal,120 kJ,0 g,0 g,7 g,7 g,0 g,0.01 g,,,,,,,,,,,,,,,,,,,,,,,,,,,,,https://handlaprivatkund.ica.se/stores/1004181/products/l%C3%A4sk-pepsi-50cl/2084375
"Vatten Stilla 1,5l ICA","11,90 kr","1.5L 7,93 kr/l exkl pant",,,,,,,,,5 mg,49 mg,65 mg,1.3 mg,15 mg,21 mg,,,,,,,,,,,,,,,,,,,,,,,https://handlaprivatkund.ica.se/stores/1004181/products/vatten-stilla-1-5l-ica/2023834
Läsk Dr Pepper 50cl,"20,90 kr","0.5L 41,80 kr/l exkl pant",41 kcal,173 kJ,0 g,0 g,10.1 g,10 g,0 g,0.01 g,,,,,,,,,,,,,,,,,,,,,,,,,,,,,https://handlaprivatkund.ica.se/stores/1004181/products/l%C3%A4sk-dr-pepper-50cl/1360420
Lightdryck Pink Lemon Sockerfri 1l Fun Light,"38,90 kr","10L 3,89 kr/l exkl pant",1 kcal,5 kJ,0 g,0 g,0 g,0 g,0 g,0 g,,,,,,,,,,,,,,,,,,,,,,,,,,,,,https://handlaprivatkund.ica.se/stores/1004181/products/lightdryck-pink-lemon-sockerfri-1l-fun-light/2051874
Lightdryck Cactus Apple Sockerfri 1l Fun Light,"38,90 kr","10L 3,89 kr/l exkl pant",1 kcal,4 kJ,0 g,0 g,0 g,0 g,0 g,0 g,,,,,,,,,,,,,,,,,,,,,,,,,,,,,https://handlaprivatkund.ica.se/stores/1004181/products/lightdryck-cactus-apple-sockerfri-1l-fun-light/2090494
Iskaffe Classics Caffe Latte 220ml Starbucks®,"26,90 kr","0.22L 122,27 kr/l",69 kcal,290 kJ,2.3 g,1.5 g,8.8 g,8.4 g,2.8 g,0.1 g,,,,,,,,,,,,,,,,,,,,,,,,,,,,,https://handlaprivatkund.ica.se/stores/1004181/products/iskaffe-classics-caffe-latte-220ml-starbucks/2169130
Öl Alkoholfri 33cl Mariestads,"15,90 kr","0.33L 48,18 kr/l",20 kcal,80 kJ,0.5 g,0.5 g,3.8 g,0.5 g,0.5 g,0.01 g,,,,,,,,,,,,,,,,,,,,,,,,,,,,,https://handlaprivatkund.ica.se/stores/1004181/products/%C3%B6l-alkoholfri-33cl-mariestads/1432362
Energidryck 25cl Red Bull,"17,90 kr","0.25L 71,60 kr/l exkl pant",46 kcal,195 kJ,0 g,0 g,11 g,11 g,0 g,0.1 g,,,,,,,2 µg,2 mg,,,8 mg,2 mg,,,,,,,,,,,,,,,,,https://handlaprivatkund.ica.se/stores/1004181/products/energidryck-25cl-red-bull/1395823
"Öl 3,5% 33cl Staropramen","21,90 kr","0.33L 66,36 kr/l",,,,,,,,,,,,,,,,,,,,,,,,,,,,,,,,,,,,,https://handlaprivatkund.ica.se/stores/1004181/products/%C3%B6l-3-5-33cl-staropramen/1291279
Bryggkaffe Prezzo Mellanrost 450g Löfbergs,"89,00 kr","0.45kg 197,78 kr/kg",,,,,,,,,,,,,,,,,,,,,,,,,,,,,,,,,,,,,https://handlaprivatkund.ica.se/stores/1004181/products/bryggkaffe-prezzo-mellanrost-450g-l%C3%B6fbergs/2032518
Tranbärsdryck 1l Jokk,"42,90 kr","1L 42,90 kr/l",44 kcal,186 kJ,0 g,0 g,11 g,11 g,0 g,0 g,,,,,,,,,40 mg,,,,,,,,,,,,,,,,,,,,https://handlaprivatkund.ica.se/stores/1004181/products/tranb%C3%A4rsdryck-1l-jokk/2107607
Juice Tropical 1l God Morgon®,"35,90 kr","1L 35,90 kr/l",45 kcal,189 kJ,0 g,0 g,11 g,10 g,0 g,0 g,,,,,,,,,,,,,,,,,,,,,,,,,,,,,https://handlaprivatkund.ica.se/stores/1004181/products/juice-tropical-1l-god-morgon/2075527
"Öl 3,5% 50cl 6-p Carlsberg","99,00 kr","3L 33,00 kr/l exkl pant",30 kcal,127 kJ,,,,,,,,,,,,,,,,,,,,,,,,,,,,,,,,,,,https://handlaprivatkund.ica.se/stores/1004181/products/%C3%B6l-3-5-50cl-6-p-carlsberg/1399901
Protein Coffee Caramel Hazelnut 330ml Starbucks®,"32,90 kr","0.33L 99,70 kr/l",51 kcal,215 kJ,1.1 g,0.7 g,4 g,3.8 g,6.1 g,0.13 g,,,,,,,,,,,,,,,,,,,,,,,,,,,,,https://handlaprivatkund.ica.se/stores/1004181/products/protein-coffee-caramel-hazelnut-330ml-starbucks/2151763
Grönt te Mango & lychee 25-p Twinings,"43,90 kr","25 per frp 1,76 kr/st",,,,,,,,,,,,,,,,,,,,,,,,,,,,,,,,,,,,,https://handlaprivatkund.ica.se/stores/1004181/products/gr%C3%B6nt-te-mango-lychee-25-p-twinings/1508112
"Läsk 1,5l Sprite","27,90 kr","1.5L 18,60 kr/l exkl pant",37 kcal,158 kJ,0 g,0 g,9 g,9 g,0 g,0.03 g,,,,,,,,,,,,,,,,,,,,,,,,,,,,,https://handlaprivatkund.ica.se/stores/1004181/products/l%C3%A4sk-1-5l-sprite/2052090
Läsk Cola Koffeinfri 33cl Coca-Cola,"13,90 kr","0.33L 42,12 kr/l exkl pant",0.3 kcal,1.4 kJ,0 g,0 g,0 g,0 g,0 g,0.01 g,,,,,,,,,,,,,,,,,,,,,,,,,,,,,https://handlaprivatkund.ica.se/stores/1004181/products/l%C3%A4sk-cola-koffeinfri-33cl-coca-cola/2090220
Äppel apelsin & passionsfruktjuice Koncentrat 2dl ICA,"16,90 kr","1L 16,90 kr/l drickklar",44 kcal,184 kJ,0.5 g,0 g,11 g,11 g,0.5 g,0 g,,,,,,,,,11 mg,,,,,,,,,,,,,,,,,,,,https://handlaprivatkund.ica.se/stores/1004181/products/%C3%A4ppel-apelsin-passionsfruktjuice-koncentrat-2dl-ica/1411005
Tonic Bitter Ekologisk 20cl Ekobryggeriet,"22,90 kr","0.2L 114,50 kr/l",41 kcal,173 kJ,0.5 g,0.5 g,9.9 g,9.9 g,0.5 g,0.01 g,,,,,,,,,,,,,,,,,,,,,,,,,,,,,https://handlaprivatkund.ica.se/stores/1004181/products/tonic-bitter-ekologisk-20cl-ekobryggeriet/2010754
Sparkling drink Aranciata 6-p 33cl San Pellegrino,"81,00 kr","1.98L 40,91 kr/l exkl pant",35 kcal,149 kJ,0 g,0 g,8.1 g,8.1 g,0.1 g,0 g,,,,,,,,,,,,,,,0 g,,,,,,,,,,,,,,https://handlaprivatkund.ica.se/stores/1004181/products/sparkling-drink-aranciata-6-p-33cl-san-pellegrino/2094884
Te Svart Peach mango Pyramid 20p Lipton,"31,90 kr","20 per frp 1,60 kr/st",4 kcal,17 kJ,0.5 g,0.1 g,0.5 g,0.5 g,0.5 g,0.01 g,,,,,,,,,,,,,,,,,,,,,,,,,,,,,https://handlaprivatkund.ica.se/stores/1004181/products/te-svart-peach-mango-pyramid-20p-lipton/2139049
Läsk Pepsi Max Lime 33cl Pepsi,"11,90 kr","0.33L 36,06 kr/l exkl pant",0.7 kcal,3 kJ,0 g,0 g,0.1 g,0 g,0.1 g,0.03 g,,,,,,,,,,,,,,,,,,,,,,,,,,,,,https://handlaprivatkund.ica.se/stores/1004181/products/l%C3%A4sk-pepsi-max-lime-33cl-pepsi/2094043
Energidryck 50cl Monster Energy,"21,90 kr","0.5L 43,80 kr/l exkl pant",47 kcal,201 kJ,0 g,0 g,12 g,11 g,0 g,0.19 g,,,,,,,,,,,,,,,,,,,,,,,,,,,,,https://handlaprivatkund.ica.se/stores/1004181/products/energidryck-50cl-monster-energy/1404219
Läsk Cola Vanilj Zero 33cl Coca-Cola,"13,90 kr","0.33L 42,12 kr/l exkl pant",0.3 kcal,1.3 kJ,0 g,0 g,0 g,0 g,0 g,0.01 g,,,,,,,,,,,,,,,,,,,,,,,,,,,,,https://handlaprivatkund.ica.se/stores/1004181/products/l%C3%A4sk-cola-vanilj-zero-33cl-coca-cola/2052112
Vätskeersättning med hallonsmak 2-p 20st 90g Resorb,"70,00 kr","20 per frp 3,50 kr/st",,,,,6.4 g,6.2 g,,,170 mg,190 mg,,,,180 mg,,,,,,,,,,,,,,,,,,,,,,,https://handlaprivatkund.ica.se/stores/1004181/products/v%C3%A4tskeers%C3%A4ttning-med-hallonsmak-2-p-20st-90g-resorb/1388716
Vatten Kolsyrad Päron Äpple 150cl ICA,"11,90 kr","1.5L 7,93 kr/l exkl pant",,,,,,,,,5 mg,49 mg,65 mg,1.3 mg,15 mg,21 mg,,,,,,,,,,,,,,,,,,,,,,,https://handlaprivatkund.ica.se/stores/1004181/products/vatten-kolsyrad-p%C3%A4ron-%C3%A4pple-150cl-ica/2023845
Läsk Zero 1.5l Champis,"24,90 kr","1.5L 16,60 kr/l exkl pant",1 kcal,3 kJ,0 g,0 g,0 g,0 g,0 g,0 g,,,,,,,,,,,,,,,,,,,,,,,,,,,,,https://handlaprivatkund.ica.se/stores/1004181/products/l%C3%A4sk-zero-1-5l-champis/2132444
Tranbärsdryck Ekologisk 1l KRAV Finnerödja,"37,90 kr","1L 37,90 kr/l",37 kcal,156 kJ,0 g,0 g,8.4 g,8.4 g,0 g,0 g,,,,,,,,,,,,,,,,,,,,,,,,,,,,,https://handlaprivatkund.ica.se/stores/1004181/products/tranb%C3%A4rsdryck-ekologisk-1l-krav-finner%C3%B6dja/1506291
Bryggkaffe 500g ICA Basic,"78,00 kr","0.5kg 156,00 kr/kg",,,,,,,,,,,,,,,,,,,,,,,,,,,,,,,,,,,,,https://handlaprivatkund.ica.se/stores/1004181/products/bryggkaffe-500g-ica-basic/1473334
Fruktdryck Päron 3-p 60cl ICA,"13,90 kr","0.6L 23,17 kr/l",,,,,,,,,,,,,,,,,,,,,,,,,,,,,,,,,,,,,https://handlaprivatkund.ica.se/stores/1004181/products/fruktdryck-p%C3%A4ron-3-p-60cl-ica/2009986
Citron måltidsdryck 2dl ICA,"8,90 kr","1L 8,90 kr/l drickklar",,,,,,,,,,,,,,,,,,,,,,,,,,,,,,,,,,,,,https://handlaprivatkund.ica.se/stores/1004181/products/citron-m%C3%A5ltidsdryck-2dl-ica/1514881
Läsk Cola Vanilj 50cl Coca-Cola,"19,90 kr","0.5L 39,80 kr/l exkl pant",43 kcal,181 kJ,0 g,0 g,10.6 g,10.6 g,0 g,0 g,,,,,,,,,,,,,,,,,,,,,,,,,,,,,https://handlaprivatkund.ica.se/stores/1004181/products/l%C3%A4sk-cola-vanilj-50cl-coca-cola/2140563
Iskaffe Frappuccino Mocha 250ml Starbucks®,"29,90 kr","0.25L 119,60 kr/l",67 kcal,282 kJ,1.6 g,1 g,10 g,9.5 g,2.9 g,0.09 g,,,,,,,,,,,,,,,,,,,,,,,,,,,,,https://handlaprivatkund.ica.se/stores/1004181/products/iskaffe-frappuccino-mocha-250ml-starbucks/2058105
"Öl 2,8% 50cl 6-p Mariestads","59,00 kr","3L 19,67 kr/l exkl pant",31 kcal,131 kJ,,,,,,,,,,,,,,,,,,,,,,,,,,,,,,,,,,,https://handlaprivatkund.ica.se/stores/1004181/products/%C3%B6l-2-8-50cl-6-p-mariestads/1477516
"Läsk Dr Pepper 1,5l","37,90 kr","1.5L 25,27 kr/l exkl pant",41 kcal,173 kJ,0 g,0 g,10.1 g,10 g,0 g,0.01 g,,,,,,,,,,,,,,,,,,,,,,,,,,,,,https://handlaprivatkund.ica.se/stores/1004181/products/l%C3%A4sk-dr-pepper-1-5l/1395947
Smoothie Recharge 300ml Innocent,"33,90 kr","0.3L 113,00 kr/l exkl pant",,,,,,,,,,,,,,,,,,,,,,,,,,,,,,,,,,,,,https://handlaprivatkund.ica.se/stores/1004181/products/smoothie-recharge-300ml-innocent/2057758
Kaffekapslar Lungo 5 Mattinata 10-p L'Or,"55,00 kr","10 per frp 5,50 kr/st",,,,,,,,,,,,,,,,,,,,,,,,,,,,,,,,,,,,,https://handlaprivatkund.ica.se/stores/1004181/products/kaffekapslar-lungo-5-mattinata-10-p-l-or/2022105
"Öl Ljus lager Ekologisk 3,5% 33cl Norrlands Guld","17,90 kr","0.33L 54,24 kr/l exkl pant",33 kcal,137 kJ,0.5 g,0.5 g,2.8 g,0.5 g,0.5 g,0.01 g,,,,,,,,,,,,,,,,,,,,,,,,,,,,,https://handlaprivatkund.ica.se/stores/1004181/products/%C3%B6l-ljus-lager-ekologisk-3-5-33cl-norrlands-guld/2140237
Fruktdryck Mango 1l Proviva,"43,90 kr","1L 43,90 kr/l",42 kcal,180 kJ,0.1 g,0 g,10 g,9.5 g,0.2 g,0.03 g,,,,,,,,,35 mg,,,,,,0.5 g,,,,,,,,,,,,,,https://handlaprivatkund.ica.se/stores/1004181/products/fruktdryck-mango-1l-proviva/2038955
"Öl Lager 3,5% 50cl Heineken","20,90 kr","0.5L 41,80 kr/l exkl pant",29 kcal,122 kJ,,,,,,,,,,,,,,,,,,,,,,,,,,,,,,,,,,,https://handlaprivatkund.ica.se/stores/1004181/products/%C3%B6l-lager-3-5-50cl-heineken/1397577
Apelsinjuice Nypressad 1l ICA Selection,"61,00 kr","1L 61,00 kr/l exkl pant",41 kcal,174 kJ,0.5 g,0.5 g,9 g,9 g,0.7 g,0 g,,,,,,,,,25 mg,,,,,,,,,,,,,,,,,,,,https://handlaprivatkund.ica.se/stores/1004181/products/apelsinjuice-nypressad-1l-ica-selection/2030534
Läsk Pepsi Max Mango 50cl,"16,90 kr","0.5L 33,80 kr/l exkl pant",0.5 kcal,2 kJ,0 g,0 g,0.1 g,0 g,0.1 g,0.01 g,,,,,,,,,,,,,,,,,,,,,,,,,,,,,https://handlaprivatkund.ica.se/stores/1004181/products/l%C3%A4sk-pepsi-max-mango-50cl/2084369
Läsk Sprite Zero 50cl,"19,90 kr","0.5L 39,80 kr/l exkl pant",1 kcal,5 kJ,0 g,0 g,0 g,0 g,0 g,0.03 g,,,,,,,,,,,,,,,,,,,,,,,,,,,,,https://handlaprivatkund.ica.se/stores/1004181/products/l%C3%A4sk-sprite-zero-50cl/2052352
Saft Light Sunny Smultron 1l Fun Light,"38,90 kr","10L 3,89 kr/l exkl pant",1 kcal,4 kJ,0 g,0 g,0 g,0 g,0 g,0 g,,,,,,,,,,,,,,,,,,,,,,,,,,,,,https://handlaprivatkund.ica.se/stores/1004181/products/saft-light-sunny-smultron-1l-fun-light/2150531
Vitamindryck Zero Lemon 50cl Vitamin Well,"26,90 kr","0.5L 53,80 kr/l exkl pant",1 kcal,6 kJ,0 g,0 g,1.4 g,0 g,0 g,0.02 g,,,,,,,0.25 µg,0.28 mg,,,1.6 mg,0.48 mg,5 µg,,,,0.8 µg,1.4 mg,,,,,,,1.2 g,,,,https://handlaprivatkund.ica.se/stores/1004181/products/vitamindryck-zero-lemon-50cl-vitamin-well/2155315
Örtte Nypon 25-p Friggs,"47,90 kr","20 per frp 2,40 kr/st",,,,,,,,,,,,,,,,,,,,,,,,,,,,,,,,,,,,,https://handlaprivatkund.ica.se/stores/1004181/products/%C3%B6rtte-nypon-25-p-friggs/1005599
Läsk 50cl Trocadero,"18,90 kr","0.5L 37,80 kr/l exkl pant",40 kcal,170 kJ,0 g,0 g,9.6 g,9.5 g,0 g,0 g,,,,,,,,,,,,,,,,,,,,,,,,,,,,,https://handlaprivatkund.ica.se/stores/1004181/products/l%C3%A4sk-50cl-trocadero/2004744
Lightdryck Iste & persika 1l ICA,"31,90 kr","10L 3,19 kr/l exkl pant",1 kcal,3 kJ,0 g,0 g,0 g,0 g,0 g,0 g,,,,,,,,,,,,,,,,,,,,,,,,,,,,,https://handlaprivatkund.ica.se/stores/1004181/products/lightdryck-iste-persika-1l-ica/2023958
Ananasdryck Drickfärdig 1l Fontana,"31,90 kr","1L 31,90 kr/l",55 kcal,232 kJ,0.5 g,0 g,11.8 g,10.5 g,0.5 g,0.01 g,,,,,,,,,22 mg,,,,,,0.5 g,,,,,,,,,,,,,,https://handlaprivatkund.ica.se/stores/1004181/products/ananasdryck-drickf%C3%A4rdig-1l-fontana/1329315
Snabbkaffe Gold Organic 175g Nescafe,"150,00 kr","0.175kg 857,14 kr/kg",,,,,,,,,,,,,,,,,,,,,,,,,,,,,,,,,,,,,https://handlaprivatkund.ica.se/stores/1004181/products/snabbkaffe-gold-organic-175g-nescafe/2129022
Smoothie Persika & Passion 250ml Froosh,"20,00 kr","0.25L 80,00 kr/l",68 kcal,288 kJ,0 g,0 g,15 g,12 g,0.8 g,0 g,,,,,,,,,,,,,,,1.1 g,,,,,,,,,,,,,,https://handlaprivatkund.ica.se/stores/1004181/products/smoothie-persika-passion-250ml-froosh/2018605
Lättdryck Fläderblom Koncentrat 2dl BOB,"11,90 kr","1L 11,90 kr/l drickklar",30 kcal,120 kJ,0 g,0 g,6.3 g,6 g,0 g,0 g,,,,,,,,,12 mg,,,,,,,,,,,,,,,,,,,,https://handlaprivatkund.ica.se/stores/1004181/products/l%C3%A4ttdryck-fl%C3%A4derblom-koncentrat-2dl-bob/1023241
Energidryck Mango Loco 50cl Monster Energy,"21,90 kr","0.5L 43,80 kr/l exkl pant",,,,,,,,,,,,,,,2.5 µg,0.8 mg,,0.7 mg,8.5 mg,,,,,,,,,,,,,,,,,,https://handlaprivatkund.ica.se/stores/1004181/products/energidryck-mango-loco-50cl-monster-energy/2016784
Smoothie Energi Frukt & Grönt 300ml Brämhults,"36,90 kr","0.3L 123,00 kr/l exkl pant",56 kcal,235 kJ,0 g,0 g,13 g,12 g,0.5 g,0.01 g,,,,,,,,,40 mg,,,,,,0.8 g,,,,,,,,,,,,,,https://handlaprivatkund.ica.se/stores/1004181/products/smoothie-energi-frukt-gr%C3%B6nt-300ml-br%C3%A4mhults/2062998
Måltidsdryck Äpple 2dl ICA,"8,90 kr","1L 8,90 kr/l drickklar",,,,,,,,,,,,,,,,,,,,,,,,,,,,,,,,,,,,,https://handlaprivatkund.ica.se/stores/1004181/products/m%C3%A5ltidsdryck-%C3%A4pple-2dl-ica/1514878
"Läsk Orange Zero 1,5l Fanta","27,90 kr","1.5L 18,60 kr/l exkl pant",3 kcal,11 kJ,0 g,0 g,0.4 g,0.4 g,0 g,0.01 g,,,,,,,,,,,,,,,,,,,,,,,,,,,,,https://handlaprivatkund.ica.se/stores/1004181/products/l%C3%A4sk-orange-zero-1-5l-fanta/1367414
Energidryck Ultra Peachy Keen 50cl Monster Energy,"21,90 kr","0.5L 43,80 kr/l exkl pant",3 kcal,11 kJ,0 g,0 g,0.7 g,0 g,0 g,0.16 g,,,,,,,,,,,,,,,,,,,,,,,,,,,,,https://handlaprivatkund.ica.se/stores/1004181/products/energidryck-ultra-peachy-keen-50cl-monster-energy/2131502
Passionfruit Energidryck 50cl Powerade,"25,90 kr","0.5L 51,80 kr/l exkl pant",18 kcal,76 kJ,0 g,0 g,4.1 g,4.1 g,0 g,0.13 g,,,,,,50 mg,,0.11 mg,,,,,,,,,,,,,,,,,,,,,https://handlaprivatkund.ica.se/stores/1004181/products/passionfruit-energidryck-50cl-powerade/1467825
Öl Alkoholfri 33cl Staropramen,"18,90 kr","0.33L 57,27 kr/l",12 kcal,50 kJ,0.1 g,0.1 g,2.2 g,1.2 g,0.8 g,0.01 g,,,,,,,,,,,,,,,,,,,,,,,,,,,,,https://handlaprivatkund.ica.se/stores/1004181/products/%C3%B6l-alkoholfri-33cl-staropramen/1440332
Bryggkaffe Franskrost 500g Arvid Nordquist Classic,"103,00 kr","0.5kg 206,00 kr/kg",,,,,,,,,,,,,,,,,,,,,,,,,,,,,,,,,,,,,https://handlaprivatkund.ica.se/stores/1004181/products/bryggkaffe-franskrost-500g-arvid-nordquist-classic/1004402
Bryggkaffe Mellanrost Ekologisk 450g ICA I love eco,"87,00 kr","0.45kg 193,33 kr/kg",,,,,,,,,,,,,,,,,,,,,,,,,,,,,,,,,,,,,https://handlaprivatkund.ica.se/stores/1004181/products/bryggkaffe-mellanrost-ekologisk-450g-ica-i-love-eco/2021781
Zero Pineapple 50cl Vitamin Well,"26,90 kr","0.5L 53,80 kr/l exkl pant",1 kcal,4 kJ,0 g,0 g,1.3 g,0 g,0 g,0.01 g,,,,,11.3 mg,,0.25 µg,,,,1.6 mg,0.48 mg,5 µg,,,40 µg,1.5 µg,1.4 mg,5 µg,,,,,,1.2 g,,,,https://handlaprivatkund.ica.se/stores/1004181/products/zero-pineapple-50cl-vitamin-well/2131940
"Läsk Fruktsoda 1,5l ICA","19,90 kr","1.5L 13,27 kr/l exkl pant",30 kcal,110 kJ,0 g,0 g,6.5 g,6.4 g,0 g,0 g,,,,,,,,,,,,,,,,,,,,,,,,,,,,,https://handlaprivatkund.ica.se/stores/1004181/products/l%C3%A4sk-fruktsoda-1-5l-ica/1467272
Bryggkaffe Skånerost 450g Zoegas,"109,00 kr","0.45kg 242,22 kr/kg",,,,,,,,,,,,,,,,,,,,,,,,,,,,,,,,,,,,,https://handlaprivatkund.ica.se/stores/1004181/products/bryggkaffe-sk%C3%A5nerost-450g-zoegas/1499231
"Läsk Zero Exotic 1,5l Fanta","27,90 kr","1.5L 18,60 kr/l exkl pant",3 kcal,12 kJ,0 g,0 g,0.5 g,0.4 g,0 g,0.02 g,,,,,,,,,,,,,,,,,,,,,,,,,,,,,https://handlaprivatkund.ica.se/stores/1004181/products/l%C3%A4sk-zero-exotic-1-5l-fanta/2031083
Vatten Kolsyrat Jordgubb Granatäpple 33cl 12-p Loka,"45,00 kr","3.96L 11,36 kr/l exkl pant",0 kcal,0 kJ,0 g,0 g,0 g,0 g,0 g,0.04 g,,,,,,,,,,,,,,,,,,,,,,,,,,,,,https://handlaprivatkund.ica.se/stores/1004181/products/vatten-kolsyrat-jordgubb-granat%C3%A4pple-33cl-12-p-loka/2073918
Kaffe GranDia 500g Arvid Nordquist Classic,"103,00 kr","0.5kg 206,00 kr/kg",,,,,,,,,,,,,,,,,,,,,,,,,,,,,,,,,,,,,https://handlaprivatkund.ica.se/stores/1004181/products/kaffe-grandia-500g-arvid-nordquist-classic/1003808
Cider Strawberry & Lime Alkoholfri 33cl Somersby,"16,90 kr","0.33L 51,21 kr/l exkl pant",8 kcal,32 kJ,0 g,0 g,1.7 g,1.6 g,0 g,0 g,,,,,,,,,,,,,,,,,,,,,,,,,,,,,https://handlaprivatkund.ica.se/stores/1004181/products/cider-strawberry-lime-alkoholfri-33cl-somersby/2132288
"Öl 3,5% 50cl Mariestads","19,90 kr","0.5L 39,80 kr/l exkl pant",37 kcal,154 kJ,,,,,,,,,,,,,,,,,,,,,,,,,,,,,,,,,,,https://handlaprivatkund.ica.se/stores/1004181/products/%C3%B6l-3-5-50cl-mariestads/1524075
Energidryck Mango 33cl Nocco,"26,90 kr","0.33L 81,52 kr/l exkl pant",4 kcal,15 kJ,0 g,0 g,0 g,0 g,0.9 g,0 g,,,,,,,0.76 µg,0.42 mg,,,3.9 mg,,15 µg,,0 g,30 µg,,,,,,,,,,,,,https://handlaprivatkund.ica.se/stores/1004181/products/energidryck-mango-33cl-nocco/2078475
"Öl Glutenfri Ekologisk 3,5% 25cl Grain d'Orge","24,90 kr","0.25L 99,60 kr/l",,,,,,,,,,,,,,,,,,,,,,,,,,,,,,,,,,,,,https://handlaprivatkund.ica.se/stores/1004181/products/%C3%B6l-glutenfri-ekologisk-3-5-25cl-grain-d-orge/1520268
Iste Ice tea Peach Burk 33cl Pfanner,"14,90 kr","0.33L 45,15 kr/l exkl pant",25 kcal,108 kJ,0.5 g,0.1 g,6.2 g,6.2 g,0.5 g,0.01 g,,,,,,,,,,,,,,,,,,,,,,,,,,,,,https://handlaprivatkund.ica.se/stores/1004181/products/iste-ice-tea-peach-burk-33cl-pfanner/2094025
Källvatten Stilla 65cl Imsdal,"19,90 kr","0.65L 30,62 kr/l exkl pant",,,,,,,,,,,,,,,,,,,,,,,,,,,,,,,,,,,,,https://handlaprivatkund.ica.se/stores/1004181/products/k%C3%A4llvatten-stilla-65cl-imsdal/1445495
Blandsaft Hallon 50cl BOB,"36,90 kr","4L 9,23 kr/l exkl pant",33 kcal,137 kJ,0 g,0 g,8 g,7.9 g,0 g,0 g,,,,,,,,,,,,,,,,,,,,,,,,,,,,,https://handlaprivatkund.ica.se/stores/1004181/products/blandsaft-hallon-50cl-bob/1511366
Mörkrost Bryggkaffe 450g Lindvalls,"78,00 kr","0.45kg 173,33 kr/kg",,,,,,,,,,,,,,,,,,,,,,,,,,,,,,,,,,,,,https://handlaprivatkund.ica.se/stores/1004181/products/m%C3%B6rkrost-bryggkaffe-450g-lindvalls/1517979
Energidryck Solsken Sockerfri 33cl Latitude 65,"24,90 kr","0.33L 75,45 kr/l exkl pant",1 kcal,4 kJ,0 g,0 g,0 g,0 g,0 g,0 g,,,,,,,,0.4 mg,,,1.2 mg,,15.2 µg,,,151.5 µg,,,,,,,,,,,,,https://handlaprivatkund.ica.se/stores/1004181/products/energidryck-solsken-sockerfri-33cl-latitude-65/2117368
Lightdryck Smultron 80cl Zeroh,"38,90 kr","8L 4,86 kr/l exkl pant",0.8 kcal,3.3 kJ,0 g,0 g,0 g,0 g,0 g,0 g,,,,,,,,,,,,,,,,,,,,,,,,,,,,,https://handlaprivatkund.ica.se/stores/1004181/products/lightdryck-smultron-80cl-zeroh/2126498
Vatten Kolsyrat Mango Lime 50cl Loka,"15,90 kr","0.5L 31,80 kr/l exkl pant",0 kcal,0 kJ,0 g,0 g,0 g,0 g,0 g,0.04 g,,,,,,,,,,,,,,,,,,,,,,,,,,,,,https://handlaprivatkund.ica.se/stores/1004181/products/vatten-kolsyrat-mango-lime-50cl-loka/2089690
Vatten Kolsyrad Granatäpple 50cl Ramlösa,"15,90 kr","0.5L 31,80 kr/l exkl pant",,,,,,,,,2 mg,16 mg,3.5 mg,2.3 mg,0.8 mg,210 mg,,,,,,,,,,,,,,,,,,,,,,,https://handlaprivatkund.ica.se/stores/1004181/products/vatten-kolsyrad-granat%C3%A4pple-50cl-raml%C3%B6sa/2017030
Original chai te Ekologisk 20-p Pukka,"49,90 kr","20 per frp 2,50 kr/st",,,,,,,,,,,,,,,,,,,,,,,,,,,,,,,,,,,,,https://handlaprivatkund.ica.se/stores/1004181/products/original-chai-te-ekologisk-20-p-pukka/1465414
Fruktdryck Hallon vattenmelon Sockerfri 50cl Festis,"17,90 kr","0.5L 35,80 kr/l exkl pant",3 kcal,13 kJ,0 g,0 g,0.5 g,0.5 g,0 g,0 g,,,,,,,,,,,,,,,,,,,,,,,,,,,,,https://handlaprivatkund.ica.se/stores/1004181/products/fruktdryck-hallon-vattenmelon-sockerfri-50cl-festis/2110666
Kolsyrad Läskedryck Forest Berries Zero Sugar 50cl Fanta,"19,90 kr","0.5L 39,80 kr/l exkl pant",2 kcal,7 kJ,0 g,0 g,0.2 g,0.2 g,0 g,0.02 g,,,,,,,,,,,,,,,,,,,,,,,,,,,,,https://handlaprivatkund.ica.se/stores/1004181/products/kolsyrad-l%C3%A4skedryck-forest-berries-zero-sugar-50cl-fanta/2168420
Fruktdryck Cactus & lime 50cl Festis,"17,90 kr","0.5L 35,80 kr/l exkl pant",27 kcal,113 kJ,0 g,0 g,6.3 g,6.3 g,0 g,0 g,,,,,,,,,,,,,,,,,,,,,,,,,,,,,https://handlaprivatkund.ica.se/stores/1004181/products/fruktdryck-cactus-lime-50cl-festis/1467530
Enhance 50cl Vitamin Well,"26,90 kr","0.5L 53,80 kr/l exkl pant",16 kcal,66 kJ,0 g,0 g,3.9 g,3.9 g,0 g,0.03 g,,,,,,,0.25 µg,0.14 mg,16 mg,,1.3 mg,0.48 mg,5 µg,,0 g,,,,,,,,,,,,,,https://handlaprivatkund.ica.se/stores/1004181/products/enhance-50cl-vitamin-well/2131864
Läsk 33cl Sprite,"13,90 kr","0.33L 42,12 kr/l exkl pant",37 kcal,158 kJ,0 g,0 g,9 g,9 g,0 g,0.03 g,,,,,,,,,,,,,,,,,,,,,,,,,,,,,https://handlaprivatkund.ica.se/stores/1004181/products/l%C3%A4sk-33cl-sprite/2037131
Lättdryck Vattenmelon & hallon Koncentrat 2dl BOB,"11,90 kr","1L 11,90 kr/l drickklar",30 kcal,110 kJ,0 g,0 g,6.5 g,6.5 g,0 g,0 g,,,,,,,,,12 mg,,,,,,,,,,,,,,,,,,,,https://handlaprivatkund.ica.se/stores/1004181/products/l%C3%A4ttdryck-vattenmelon-hallon-koncentrat-2dl-bob/1471391
"Pärondryck med ciderkaraktär 1,5l ICA","19,90 kr","1.5L 13,27 kr/l exkl pant",37 kcal,156 kJ,0 g,0 g,9.1 g,9.1 g,0 g,0 g,,,,,,,,,,,,,,,,,,,,,,,,,,,,,https://handlaprivatkund.ica.se/stores/1004181/products/p%C3%A4rondryck-med-ciderkarakt%C3%A4r-1-5l-ica/1467261
Söderte 25-p Twinings,"43,90 kr","25 per frp 1,76 kr/st",,,,,,,,,,,,,,,,,,,,,,,,,,,,,,,,,,,,,https://handlaprivatkund.ica.se/stores/1004181/products/s%C3%B6derte-25-p-twinings/1487006
Måltidsdryck Fläder 2dl ICA,"8,90 kr","1L 8,90 kr/l drickklar",26 kcal,111 kJ,0 g,0 g,6.5 g,6.5 g,0 g,0.01 g,,,,,,,,,16 mg,,,,,,,,,,,,,,,,,,,,https://handlaprivatkund.ica.se/stores/1004181/products/m%C3%A5ltidsdryck-fl%C3%A4der-2dl-ica/1514886
Lättdryck Svartvinbär Koncentrat 2dl BOB,"11,90 kr","1L 11,90 kr/l drickklar",30 kcal,110 kJ,0 g,0 g,6.2 g,6 g,0 g,0 g,,,,,,,,,12 mg,,,,,,,,,,,,,,,,,,,,https://handlaprivatkund.ica.se/stores/1004181/products/l%C3%A4ttdryck-svartvinb%C3%A4r-koncentrat-2dl-bob/1023242
Natureo Muscat Vitt vin Alkoholfri 75cl Torres,"78,00 kr","0.75L 104,00 kr/l",,,,,,,,,,,,,,,,,,,,,,,,,,,,,,,,,,,,,https://handlaprivatkund.ica.se/stores/1004181/products/natureo-muscat-vitt-vin-alkoholfri-75cl-torres/1465154
Apelsinjuice med fruktkött 900ml Tropicana,"46,90 kr","0.9L 52,11 kr/l exkl pant",41 kcal,172 kJ,0 g,0 g,9 g,8 g,0.8 g,0.8 g,,,,,,,,,31 mg,,,,,,0.6 g,13 µg,,,,,,,,,,,,,https://handlaprivatkund.ica.se/stores/1004181/products/apelsinjuice-med-fruktk%C3%B6tt-900ml-tropicana/2038984
English breakfast te 150g Kobbs,"40,90 kr","0.15kg 272,67 kr/kg",,,,,,,,,,,,,,,,,,,,,,,,,,,,,,,,,,,,,https://handlaprivatkund.ica.se/stores/1004181/products/english-breakfast-te-150g-kobbs/1368802
"Öl 3,5% 50cl Burgenfels","16,90 kr","0.5L 33,80 kr/l exkl pant",,,,,,,,,,,,,,,,,,,,,,,,,,,,,,,,,,,,,https://handlaprivatkund.ica.se/stores/1004181/products/%C3%B6l-3-5-50cl-burgenfels/1425842
Sparkling drink Aranciata Rossa 6-p 33cl San Pellegrino,"81,00 kr","1.98L 40,91 kr/l exkl pant",38 kcal,161 kJ,0 g,0 g,8.9 g,8.8 g,0.1 g,0.004 g,,,,,,,,,,,,,,,0 g,,,,,,,,,,,,,,https://handlaprivatkund.ica.se/stores/1004181/products/sparkling-drink-aranciata-rossa-6-p-33cl-san-pellegrino/2094888
"Öl Sir Taste a Lot 3,5% 33cl Brutal Brewing","15,90 kr","0.33L 48,18 kr/l exkl pant",38 kcal,158 kJ,,,,,,,,,,,,,,,,,,,,,,,,,,,,,,,,,,,https://handlaprivatkund.ica.se/stores/1004181/products/%C3%B6l-sir-taste-a-lot-3-5-33cl-brutal-brewing/2110696
Fruktdryck Äppel 3-p 60ml ICA,"13,90 kr","0.6L 23,17 kr/l",,,,,,,,,,,,,,,,,,,,,,,,,,,,,,,,,,,,,https://handlaprivatkund.ica.se/stores/1004181/products/fruktdryck-%C3%A4ppel-3-p-60ml-ica/2009987
Fruktdryck Äpple Päron Passionsfrukt 850ml God Morgon®,"47,90 kr","0.85L 56,35 kr/l exkl pant",46 kcal,192 kJ,0 g,0 g,11 g,10 g,0 g,0 g,,,,,,,,,,,,,,,,,,,,,,,,,,,,,https://handlaprivatkund.ica.se/stores/1004181/products/fruktdryck-%C3%A4pple-p%C3%A4ron-passionsfrukt-850ml-god-morgon/2151835
Läsk Apelsin 50cl Orangina,"18,90 kr","0.5L 37,80 kr/l exkl pant",39 kcal,164 kJ,0 g,0 g,9.3 g,8.9 g,0.1 g,0 g,,,,,,,,,,,,,,,,,,,,,,,,,,,,,https://handlaprivatkund.ica.se/stores/1004181/products/l%C3%A4sk-apelsin-50cl-orangina/1366587
"Öl 3,5% 50cl Pripps Blå","17,90 kr","0.5L 35,80 kr/l exkl pant",32 kcal,134 kJ,0 g,0 g,2.9 g,0 g,0.3 g,0 g,,,,,,,,,,,,,,,,,,,,,,,,,,,,,https://handlaprivatkund.ica.se/stores/1004181/products/%C3%B6l-3-5-50cl-pripps-bl%C3%A5/1399567
Rödbetsjuice KRAV 750ml Kung Markatta,"67,00 kr","0.75L 89,33 kr/l",40 kcal,160 kJ,0 g,0 g,8 g,7.5 g,1 g,0 g,,,,,,,,,,,,,,,,,,,,,,,,,,,,,https://handlaprivatkund.ica.se/stores/1004181/products/r%C3%B6dbetsjuice-krav-750ml-kung-markatta/1492538
Lightdryck Wild berry Sockerfri 1l Fun Light,"38,90 kr","10L 3,89 kr/l exkl pant",1 kcal,3 kJ,0 g,0 g,0 g,0 g,0 g,0 g,,,,,,,,,,,,,,,,,,,,,,,,,,,,,https://handlaprivatkund.ica.se/stores/1004181/products/lightdryck-wild-berry-sockerfri-1l-fun-light/1512961
Läsk Mixers Lemon 1.5l Schweppes,"31,90 kr","1.5L 21,27 kr/l exkl pant",19 kcal,80 kJ,0 g,0 g,4.4 g,4.3 g,0 g,0.02 g,,,,,,,,,,,,,,,,,,,,,,,,,,,,,https://handlaprivatkund.ica.se/stores/1004181/products/l%C3%A4sk-mixers-lemon-1-5l-schweppes/2149409
Ginger Beer Alkoholfri 33cl Ginger Joe,"25,90 kr","0.33L 78,48 kr/l",49 kcal,209 kJ,0 g,0 g,12 g,12 g,0 g,0 g,,,,,,,,,,,,,,,,,,,,,,,,,,,,,https://handlaprivatkund.ica.se/stores/1004181/products/ginger-beer-alkoholfri-33cl-ginger-joe/1498293
"Äppeldryck med ciderkaraktär Flädersmak 1,5l ICA","19,90 kr","1.5L 13,27 kr/l exkl pant",41 kcal,171 kJ,0 g,0 g,10 g,9.9 g,0 g,0 g,,,,,,,,,,,,,,,,,,,,,,,,,,,,,https://handlaprivatkund.ica.se/stores/1004181/products/%C3%A4ppeldryck-med-ciderkarakt%C3%A4r-fl%C3%A4dersmak-1-5l-ica/1467262
Läsk Cola Koffeinfri 50cl Coca-Cola,"19,90 kr","0.5L 39,80 kr/l exkl pant",0.3 kcal,1.4 kJ,0 g,0 g,0 g,0 g,0 g,0.01 g,,,,,,,,,,,,,,,,,,,,,,,,,,,,,https://handlaprivatkund.ica.se/stores/1004181/products/l%C3%A4sk-cola-koffeinfri-50cl-coca-cola/2090219
Öl Alkoholfri 33cl Pripps Blå,"10,90 kr","0.33L 33,03 kr/l exkl pant",12 kcal,53 kJ,0 g,0 g,2.7 g,1 g,0.3 g,0 g,,,,,,,,,,,,,,,,,,,,,,,,,,,,,https://handlaprivatkund.ica.se/stores/1004181/products/%C3%B6l-alkoholfri-33cl-pripps-bl%C3%A5/2074181
Päroncider 1l Herrljunga,"21,90 kr","1L 21,90 kr/l exkl pant",,,,,,,,,,,,,,,,,,,,,,,,,,,,,,,,,,,,,https://handlaprivatkund.ica.se/stores/1004181/products/p%C3%A4roncider-1l-herrljunga/1329128
"Öl Lager 3,5% 50cl 6-p Heineken","104,00 kr","3L 34,67 kr/l exkl pant",29 kcal,122 kJ,,,,,,,,,,,,,,,,,,,,,,,,,,,,,,,,,,,https://handlaprivatkund.ica.se/stores/1004181/products/%C3%B6l-lager-3-5-50cl-6-p-heineken/1397721
Läsk Mixers Indian Tonic 1.5l Schweppes,"31,90 kr","1.5L 21,27 kr/l exkl pant",19 kcal,82 kJ,0 g,0 g,4.4 g,4.4 g,0 g,0.01 g,,,,,,,,,,,,,,,,,,,,,,,,,,,,,https://handlaprivatkund.ica.se/stores/1004181/products/l%C3%A4sk-mixers-indian-tonic-1-5l-schweppes/2149410
Kaffe Mörkrost Brygg 450g Löfbergs,"89,00 kr","0.45kg 197,78 kr/kg",,,,,,,,,,,,,,,,,,,,,,,,,,,,,,,,,,,,,https://handlaprivatkund.ica.se/stores/1004181/products/kaffe-m%C3%B6rkrost-brygg-450g-l%C3%B6fbergs/2117253
Juice Tropisk 1l Bravo,"32,90 kr","1L 32,90 kr/l",47 kcal,198 kJ,0 g,0 g,11 g,10 g,0.3 g,0 g,,,,,,,,,,,,,,,0.2 g,,,,,,,,,,,,,,https://handlaprivatkund.ica.se/stores/1004181/products/juice-tropisk-1l-bravo/1437721
Juice Äpple Grapefrukt Yuzu 850ml Brämhults,"64,00 kr","0.85L 75,29 kr/l exkl pant",44 kcal,184 kJ,0 g,0 g,11 g,9.9 g,0 g,0 g,,,,,,,,,,,,,,,,,,,,,,,,,,,,,https://handlaprivatkund.ica.se/stores/1004181/products/juice-%C3%A4pple-grapefrukt-yuzu-850ml-br%C3%A4mhults/2168313
Lemonade 1l God Morgon®,"36,90 kr","1L 36,90 kr/l",32 kcal,134 kJ,0 g,0 g,7.3 g,6.8 g,0 g,0 g,,,,,,,,,,,,,,,,,,,,,,,,,,,,,https://handlaprivatkund.ica.se/stores/1004181/products/lemonade-1l-god-morgon/1464052
Soda Mix Pepsi Max 440cl Sodastream,"81,00 kr","9L 9,00 kr/l drickklar",0.3 kcal,1 kJ,0 g,0 g,0 g,0 g,0 g,0.02 g,,,,,,,,,,,,,,,,,,,,,,,,,,,,,https://handlaprivatkund.ica.se/stores/1004181/products/soda-mix-pepsi-max-440cl-sodastream/2052106
Äpplejuice 2l Bravo,"53,00 kr","2L 26,50 kr/l",45 kcal,180 kJ,0 g,0 g,9.5 g,9.5 g,0 g,0 g,,,,,,,,,,,,,,,0.2 g,,,,,,,,,,,,,,https://handlaprivatkund.ica.se/stores/1004181/products/%C3%A4pplejuice-2l-bravo/1364741
Kaffe Presso 450g ICA,"82,00 kr","0.45kg 182,22 kr/kg",,,,,,,,,,,,,,,,,,,,,,,,,,,,,,,,,,,,,https://handlaprivatkund.ica.se/stores/1004181/products/kaffe-presso-450g-ica/2074978
Hydrate Rabarber & jordgubb 50cl Vitamin Well,"26,90 kr","0.5L 53,80 kr/l exkl pant",17 kcal,71 kJ,0 g,0 g,4.2 g,4.2 g,0 g,0.03 g,,,,,11.3 mg,,0.25 µg,,16 mg,,3.2 mg,0.6 mg,10 µg,,0 g,20 µg,1.5 µg,1.2 mg,,1 mg,,,,,,,,,https://handlaprivatkund.ica.se/stores/1004181/products/hydrate-rabarber-jordgubb-50cl-vitamin-well/1477773
Cider Sparkling Rosé Alkoholfri 33cl Somersby,"16,90 kr","0.33L 51,21 kr/l",32 kcal,135 kJ,0 g,0 g,7.5 g,7.4 g,0 g,0.01 g,,,,,,,,,,,,,,,,,,,,,,,,,,,,,https://handlaprivatkund.ica.se/stores/1004181/products/cider-sparkling-ros%C3%A9-alkoholfri-33cl-somersby/2031082
Kaffe Reko 450g KRAV Arvid Nordquist Selection,"117,00 kr","0.45kg 260,00 kr/kg",,,,,,,,,,,,,,,,,,,,,,,,,,,,,,,,,,,,,https://handlaprivatkund.ica.se/stores/1004181/products/kaffe-reko-450g-krav-arvid-nordquist-selection/1476452
Energidryck White edition Kokos & blåbär 250ml Red Bull,"17,90 kr","0.25L 71,60 kr/l exkl pant",45 kcal,191 kJ,0 g,0 g,11 g,11 g,0 g,0.1 g,,,,,,,2 µg,2 mg,,,8 mg,2 mg,,,,,,,,,,,,,,,,,https://handlaprivatkund.ica.se/stores/1004181/products/energidryck-white-edition-kokos-bl%C3%A5b%C3%A4r-250ml-red-bull/2017008
Kokkaffe Mellanrost 450g Löfbergs,"89,00 kr","0.45kg 197,78 kr/kg",,,,,,,,,,,,,,,,,,,,,,,,,,,,,,,,,,,,,https://handlaprivatkund.ica.se/stores/1004181/products/kokkaffe-mellanrost-450g-l%C3%B6fbergs/2032506
"Läsk Pepsi Max 1,5l","25,90 kr","1.5L 17,27 kr/l exkl pant",1 kcal,2 kJ,0 g,0 g,0 g,0 g,0 g,0.01 g,,,,,,,,,,,,,,,,,,,,,,,,,,,,,https://handlaprivatkund.ica.se/stores/1004181/products/l%C3%A4sk-pepsi-max-1-5l/1294417
Te Svart Lemon Pyramid 20p Lipton,"31,90 kr","20 per frp 1,60 kr/st",4 kcal,17 kJ,0.5 g,0.1 g,0.5 g,0.5 g,0.5 g,0.01 g,,,,,,,,,,,,,,,,,,,,,,,,,,,,,https://handlaprivatkund.ica.se/stores/1004181/products/te-svart-lemon-pyramid-20p-lipton/2139048
Kaffekapslar Espresso 11 Ristretto 10-p L'OR,"55,00 kr","10 per frp 5,50 kr/st",,,,,,,,,,,,,,,,,,,,,,,,,,,,,,,,,,,,,https://handlaprivatkund.ica.se/stores/1004181/products/kaffekapslar-espresso-11-ristretto-10-p-l-or/2022084
Fruktdryck Fruit Crush Orange 1l God Morgon®,"29,90 kr","1L 29,90 kr/l",30 kcal,125 kJ,0 g,0 g,6.7 g,6.3 g,0 g,0 g,,,,,,,,,,,,,,,,,,,,,,,,,,,,,https://handlaprivatkund.ica.se/stores/1004181/products/fruktdryck-fruit-crush-orange-1l-god-morgon/2118437
Lightdryck Watermelon Lemonade Sockerfri 1l Fun Light,"38,90 kr","10L 3,89 kr/l exkl pant",1 kcal,4 kJ,0 g,0 g,0 g,0 g,0 g,0 g,,,,,,,,,,,,,,,,,,,,,,,,,,,,,https://handlaprivatkund.ica.se/stores/1004181/products/lightdryck-watermelon-lemonade-sockerfri-1l-fun-light/2105127
Läsk Fanta Zero Hallon ÅP 50cl,"19,90 kr","0.5L 39,80 kr/l exkl pant",2 kcal,7 kJ,0 g,0 g,0.2 g,0.2 g,0 g,0.03 g,,,,,,,,,,,,,,,,,,,,,,,,,,,,,https://handlaprivatkund.ica.se/stores/1004181/products/l%C3%A4sk-fanta-zero-hallon-%C3%A5p-50cl/2037104
Läsk Crush Smultron 50cl Loka,"17,90 kr","0.5L 35,80 kr/l exkl pant",22 kcal,90 kJ,0 g,0 g,5 g,4.2 g,0 g,0 g,,,,,,,,,,,,,,,,,,,,,,,,,,,,,https://handlaprivatkund.ica.se/stores/1004181/products/l%C3%A4sk-crush-smultron-50cl-loka/2110685
Fruktdryck Drakfrukt Guava Calamansi 1000ml Proviva,"47,90 kr","1L 47,90 kr/l",39 kcal,161 kJ,0.1 g,0 g,9.1 g,8.1 g,0.3 g,0.05 g,,,,,,,,,40 mg,,,,,,0.3 g,,,,,,,,,,,,,,https://handlaprivatkund.ica.se/stores/1004181/products/fruktdryck-drakfrukt-guava-calamansi-1000ml-proviva/2141587
Fruktdryck Nypon 1l Proviva,"43,90 kr","1L 43,90 kr/l",53 kcal,225 kJ,0.1 g,0 g,13 g,11 g,0.2 g,0.03 g,,,,,,,,,35 mg,,,,,,0.5 g,,,,,,,,,,,,,,https://handlaprivatkund.ica.se/stores/1004181/products/fruktdryck-nypon-1l-proviva/2038931
Fruktdryck Hallon Ekologisk 20cl 3-p Festis,"15,90 kr","0.6L 26,50 kr/l",29 kcal,123 kJ,0 g,0 g,6.9 g,6.9 g,0 g,0.01 g,,,,,,,,,,,,,,,,,,,,,,,,,,,,,https://handlaprivatkund.ica.se/stores/1004181/products/fruktdryck-hallon-ekologisk-20cl-3-p-festis/2078566
"Läsk Sprite Zero 1,5l","27,90 kr","1.5L 18,60 kr/l exkl pant",1 kcal,5 kJ,0 g,0 g,0 g,0 g,0 g,0.03 g,,,,,,,,,,,,,,,,,,,,,,,,,,,,,https://handlaprivatkund.ica.se/stores/1004181/products/l%C3%A4sk-sprite-zero-1-5l/2052353
Energidryck Hajk 33cl Latitude 65,"24,90 kr","0.33L 75,45 kr/l exkl pant",1 kcal,4 kJ,0 g,0 g,0 g,0 g,0 g,0 g,,,,,,,,0.4 mg,,,1.2 mg,,15.2 µg,,,151.5 µg,,,,,,,,,,,,,https://handlaprivatkund.ica.se/stores/1004181/products/energidryck-hajk-33cl-latitude-65/2131509
Iste Peach 50g Lipton,"13,90 kr","0.05kg 278,00 kr/kg",20 kcal,83 kJ,0.5 g,0.1 g,4.7 g,4.6 g,0.5 g,0.03 g,,,,,,,,,,,,,,,,,,,,,,,,,,,,,https://handlaprivatkund.ica.se/stores/1004181/products/iste-peach-50g-lipton/2139041
Vatten Kolsyrad Jordgubb Rabarber 150cl ICA,"11,90 kr","1.5L 7,93 kr/l exkl pant",,,,,,,,,,,6.5 mg,,,,,,,,,,,,,,,,,,,,,,,,,,https://handlaprivatkund.ica.se/stores/1004181/products/vatten-kolsyrad-jordgubb-rabarber-150cl-ica/2023832
Te Röda bär svart te 20-p ICA I love eco,"26,90 kr","20 per frp 1,35 kr/st",,,,,,,,,,,,,,,,,,,,,,,,,,,,,,,,,,,,,https://handlaprivatkund.ica.se/stores/1004181/products/te-r%C3%B6da-b%C3%A4r-svart-te-20-p-ica-i-love-eco/2090851
Mellanrost Snabbkaffe Glas 200g ICA,"99,00 kr","0.2kg 495,00 kr/kg",,,,,,,,,,,,,,,,,,,,,,,,,,,,,,,,,,,,,https://handlaprivatkund.ica.se/stores/1004181/products/mellanrost-snabbkaffe-glas-200g-ica/1007088
Läsk 33cl 10-p Coca-Cola,"96,00 kr","3.3L 29,09 kr/l exkl pant",42 kcal,180 kJ,0 g,0 g,10.6 g,10.6 g,0 g,0 g,,,,,,,,,,,,,,,,,,,,,,,,,,,,,https://handlaprivatkund.ica.se/stores/1004181/products/l%C3%A4sk-33cl-10-p-coca-cola/2038334
Tranbärsdryck Drickfärdig 1l ICA,"32,90 kr","1L 32,90 kr/l",,,,,,,,,,,,,,,,,,,,,,,,,,,,,,,,,,,,,https://handlaprivatkund.ica.se/stores/1004181/products/tranb%C3%A4rsdryck-drickf%C3%A4rdig-1l-ica/1449616
Te Svart Russian Earl Grey Pyramid 20p Lipton,"31,90 kr","20 per frp 1,60 kr/st",4 kcal,17 kJ,0.5 g,0.1 g,0.5 g,0.5 g,0.5 g,0.01 g,,,,,,,,,,,,,,,,,,,,,,,,,,,,,https://handlaprivatkund.ica.se/stores/1004181/products/te-svart-russian-earl-grey-pyramid-20p-lipton/2139046
Bryggkaffe Koffeinfritt Mellanrost 425g Gevalia,"114,00 kr","0.425kg 268,24 kr/kg",,,,,,,,,,,,,,,,,,,,,,,,,,,,,,,,,,,,,https://handlaprivatkund.ica.se/stores/1004181/products/bryggkaffe-koffeinfritt-mellanrost-425g-gevalia/2002417
Örtte Kamomill 25-p Friggs,"27,90 kr","25 per frp 1,12 kr/st",,,,,,,,,,,,,,,,,,,,,,,,,,,,,,,,,,,,,https://handlaprivatkund.ica.se/stores/1004181/products/%C3%B6rtte-kamomill-25-p-friggs/1005605
Te Svart Collection 50p Lipton,"76,00 kr","50 per frp 1,52 kr/st",4 kcal,17 kJ,0.5 g,0.1 g,0.5 g,0.5 g,0.5 g,0.01 g,,,,,,,,,,,,,,,,,,,,,,,,,,,,,https://handlaprivatkund.ica.se/stores/1004181/products/te-svart-collection-50p-lipton/2139045
Läsk Pepsi Max 33cl Pepsi,"11,90 kr","0.33L 36,06 kr/l exkl pant",1 kcal,2 kJ,0 g,0 g,0 g,0 g,0 g,0.01 g,,,,,,,,,,,,,,,,,,,,,,,,,,,,,https://handlaprivatkund.ica.se/stores/1004181/products/l%C3%A4sk-pepsi-max-33cl-pepsi/2094039
Kolsyrat Vatten Ananas Passionsfrukt 50cl Loka,"15,90 kr","0.5L 31,80 kr/l exkl pant",0 kcal,0 kJ,0 g,0 g,0 g,0 g,0 g,0.04 g,,,,,,,,,,,,,,,,,,,,,,,,,,,,,https://handlaprivatkund.ica.se/stores/1004181/products/kolsyrat-vatten-ananas-passionsfrukt-50cl-loka/2104997
Snabbkaffe 200g Sedir Food,"78,00 kr","0.2kg 390,00 kr/kg",,,0 g,0 g,0 g,0 g,0 g,0 g,,,,,,,,,,,,,,,,,,,,,,,,,,,,,https://handlaprivatkund.ica.se/stores/1004181/products/snabbkaffe-200g-sedir-food/2123971
Snabbkaffe Refill Lyx Mörkrost 200g Nescafé,"116,00 kr","0.2kg 580,00 kr/kg",,,,,,,,,,,,,,,,,,,,,,,,,,,,,,,,,,,,,https://handlaprivatkund.ica.se/stores/1004181/products/snabbkaffe-refill-lyx-m%C3%B6rkrost-200g-nescaf%C3%A9/1299952
Kaffefilter Nummer 4 200p ICA Basic,"25,90 kr","200 per frp 0,13 kr/st",,,,,,,,,,,,,,,,,,,,,,,,,,,,,,,,,,,,,https://handlaprivatkund.ica.se/stores/1004181/products/kaffefilter-nummer-4-200p-ica-basic/2115936
Svart Te Yellow label 100p Lipton,"49,90 kr","100 per frp 0,50 kr/st",4 kcal,17 kJ,0.5 g,0.1 g,0.5 g,0.5 g,0.5 g,0.01 g,,,,,,,,,,,,,,,,,,,,,,,,,,,,,https://handlaprivatkund.ica.se/stores/1004181/products/svart-te-yellow-label-100p-lipton/2099666
Öl Alkoholfri 33cl Brutal Brewing,"21,90 kr","0.33L 66,36 kr/l",20 kcal,100 kJ,0.5 g,0.5 g,5.3 g,0.5 g,0.5 g,0.01 g,,,,,,,,,,,,,,,,,,,,,,,,,,,,,https://handlaprivatkund.ica.se/stores/1004181/products/%C3%B6l-alkoholfri-33cl-brutal-brewing/2016824
Energidryck Ultra Rosá Sockerfri 50cl Monster Energy,"21,90 kr","0.5L 43,80 kr/l exkl pant",3 kcal,12 kJ,0 g,0 g,1.4 g,0 g,0 g,0.2 g,,,,,,,,,,,,,,,,,,,,,,,,,,,,,https://handlaprivatkund.ica.se/stores/1004181/products/energidryck-ultra-ros%C3%A1-sockerfri-50cl-monster-energy/2105672
Energidryck Persika Edition 25cl Red Bull,"17,90 kr","0.25L 71,60 kr/l exkl pant",45 kcal,192 kJ,0 g,0 g,11 g,11 g,0 g,0.1 g,,,,,,,2 µg,2 mg,,,8 mg,2 mg,,,,,,,,,,,,,,,,,https://handlaprivatkund.ica.se/stores/1004181/products/energidryck-persika-edition-25cl-red-bull/2073603
Juice Äpple & päron 2l Bravo,"53,00 kr","2L 26,50 kr/l",45 kcal,180 kJ,0 g,0 g,10 g,10 g,0 g,0 g,,,,,,,,,,,,,,,0.2 g,,,,,,,,,,,,,,https://handlaprivatkund.ica.se/stores/1004181/products/juice-%C3%A4pple-p%C3%A4ron-2l-bravo/1514835
Vätskeersättning Rehydrate Hallon 500ml HYD,"29,90 kr","0.5L 59,80 kr/l",16 kcal,69 kJ,0 g,0 g,3.6 g,3.6 g,0 g,0.16 g,,,,,11.6 mg,,,0.11 mg,,,1.2 mg,,,,,,,,,,,,,,,,,,https://handlaprivatkund.ica.se/stores/1004181/products/v%C3%A4tskeers%C3%A4ttning-rehydrate-hallon-500ml-hyd/2105780
Öl Alkoholfri 33cl 6-p Norrlands Guld,"56,00 kr","1.98L 28,28 kr/l exkl pant",,,,,,,,,,,,,,,,,,,,,,,,,,,,,,,,,,,,,https://handlaprivatkund.ica.se/stores/1004181/products/%C3%B6l-alkoholfri-33cl-6-p-norrlands-guld/1490940
Kokkaffe Mellanrost 450g Gevalia,"95,00 kr","0.45kg 211,11 kr/kg",,,,,,,,,,,,,,,,,,,,,,,,,,,,,,,,,,,,,https://handlaprivatkund.ica.se/stores/1004181/products/kokkaffe-mellanrost-450g-gevalia/1528807
Kaffe Pressiado Mörkrost 500g Arvid Nordquist Classic,"103,00 kr","0.5kg 206,00 kr/kg",,,,,,,,,,,,,,,,,,,,,,,,,,,,,,,,,,,,,https://handlaprivatkund.ica.se/stores/1004181/products/kaffe-pressiado-m%C3%B6rkrost-500g-arvid-nordquist-classic/1374551
"Öl 2,8% 50cl Burgenfels","8,90 kr","0.5L 17,80 kr/l exkl pant",,,,,,,,,,,,,,,,,,,,,,,,,,,,,,,,,,,,,https://handlaprivatkund.ica.se/stores/1004181/products/%C3%B6l-2-8-50cl-burgenfels/1425846
Fruktdryck Apelsin Ekologisk 20cl Festis,"15,90 kr","0.6L 26,50 kr/l",25 kcal,106 kJ,0.5 g,0.1 g,6 g,6 g,0.5 g,0.01 g,,,,,,,,,,,,,,,,,,,,,,,,,,,,,https://handlaprivatkund.ica.se/stores/1004181/products/fruktdryck-apelsin-ekologisk-20cl-festis/2078563
Defence Citrus & fläder 50cl Vitamin Well,"26,90 kr","0.5L 53,80 kr/l exkl pant",17 kcal,71 kJ,0 g,0 g,4.2 g,4.2 g,0 g,0.03 g,,,,,,,,,16 mg,,,,,,0 g,40 µg,1.5 µg,1.2 mg,,1 mg,,,,,,,,,https://handlaprivatkund.ica.se/stores/1004181/products/defence-citrus-fl%C3%A4der-50cl-vitamin-well/1364487
Smoothie Mango & Passionsfrukt 1l Bravo,"49,90 kr","1L 49,90 kr/l",55 kcal,240 kJ,0 g,0 g,13 g,12 g,0.6 g,0 g,,,,,,,,,,,,,,,0.8 g,,,,,,,,,,,,,,https://handlaprivatkund.ica.se/stores/1004181/products/smoothie-mango-passionsfrukt-1l-bravo/2000698
"Läsk Hallonsoda Light 1,5l ICA","19,90 kr","1.5L 13,27 kr/l exkl pant",1 kcal,4 kJ,0 g,0 g,0 g,0 g,0 g,0 g,,,,,,,,,,,,,,,,,,,,,,,,,,,,,https://handlaprivatkund.ica.se/stores/1004181/products/l%C3%A4sk-hallonsoda-light-1-5l-ica/2050750
"Stilldrink Defence 1,15l Vitamin Well","35,90 kr","1.15L 31,22 kr/l exkl pant",17 kcal,71 kJ,0 g,0 g,4.2 g,4.2 g,0 g,0.03 g,,,,,,,,,16 mg,,,,,,0 g,40 µg,1.5 µg,1.2 mg,,1 mg,,,,,,,,,https://handlaprivatkund.ica.se/stores/1004181/products/stilldrink-defence-1-15l-vitamin-well/2141920
Juice Mango Passion Fruit 1l God Morgon®,"47,90 kr","1L 47,90 kr/l",47 kcal,199 kJ,0.5 g,0 g,10 g,10 g,0.5 g,0 g,,,,,,,,,,,,,,,,,,,,,,,,,,,,,https://handlaprivatkund.ica.se/stores/1004181/products/juice-mango-passion-fruit-1l-god-morgon/1437693
Läsk Crush Päron 50cl Loka,"17,90 kr","0.5L 35,80 kr/l exkl pant",21 kcal,87 kJ,0.5 g,0 g,5 g,4 g,0.5 g,0.1 g,,,,,,,,,,,,,,,,,,,,,,,,,,,,,https://handlaprivatkund.ica.se/stores/1004181/products/l%C3%A4sk-crush-p%C3%A4ron-50cl-loka/1467565
Smoothie Fokus 850ml Brämhults,"62,00 kr","0.85L 72,94 kr/l exkl pant",47 kcal,197 kJ,0 g,0 g,11 g,10 g,0 g,0 g,,,,,30 mg,,0.22 µg,0.13 mg,,,,,,,0.4 g,27 µg,,,,,,,,,,,,,https://handlaprivatkund.ica.se/stores/1004181/products/smoothie-fokus-850ml-br%C3%A4mhults/2107374
Läsk Pepsi Max 33cl 6p Pepsi,"53,00 kr","1.98L 26,77 kr/l exkl pant",1 kcal,2 kJ,0 g,0 g,0 g,0 g,0 g,0.01 g,,,,,,,,,,,,,,,,,,,,,,,,,,,,,https://handlaprivatkund.ica.se/stores/1004181/products/l%C3%A4sk-pepsi-max-33cl-6p-pepsi/2094890
Läsk Cola Zero 33cl 10-p Coca-Cola,"96,00 kr","3.3L 29,09 kr/l exkl pant",0.3 kcal,1.3 kJ,0 g,0 g,0 g,0 g,0 g,0.01 g,,,,,,,,,,,,,,,,,,,,,,,,,,,,,https://handlaprivatkund.ica.se/stores/1004181/products/l%C3%A4sk-cola-zero-33cl-10-p-coca-cola/2038332
Juice Röd Apelsin 2l Bravo,"53,00 kr","2L 26,50 kr/l",50 kcal,200 kJ,0 g,0 g,11 g,10 g,0 g,0 g,,,,,,,,,40 mg,,,,,,0 g,,,,,,,,,,,,,,https://handlaprivatkund.ica.se/stores/1004181/products/juice-r%C3%B6d-apelsin-2l-bravo/2101416
Fruktdryck Fruit Crush Apple 1l God Morgon®,"29,90 kr","1L 29,90 kr/l",32 kcal,134 kJ,0 g,0 g,7.6 g,7.2 g,0 g,0 g,,,,,,,,,,,,,,,,,,,,,,,,,,,,,https://handlaprivatkund.ica.se/stores/1004181/products/fruktdryck-fruit-crush-apple-1l-god-morgon/2118438
Espresso Malet Qualità Rossa 250g Lavazza,"81,00 kr","0.25kg 324,00 kr/kg",,,,,,,,,,,,,,,,,,,,,,,,,,,,,,,,,,,,,https://handlaprivatkund.ica.se/stores/1004181/products/espresso-malet-qualit%C3%A0-rossa-250g-lavazza/1007261
Mountain blast Energidryck 500ml Powerade,"25,90 kr","0.5L 51,80 kr/l exkl pant",18 kcal,77 kJ,0 g,0 g,4.1 g,4.1 g,0 g,0.13 g,,,,,,50 mg,,0.11 mg,,,,,,,,,,,,,,,,,,,,,https://handlaprivatkund.ica.se/stores/1004181/products/mountain-blast-energidryck-500ml-powerade/1001448
Katrinplommonjuice 500ml Friggs,"46,90 kr","0.5L 93,80 kr/l",,,,,,,,,,,,,,,,,,,,,,,,,,,,,,,,,,,,,https://handlaprivatkund.ica.se/stores/1004181/products/katrinplommonjuice-500ml-friggs/1023322
Mellanrost Snabbkaffe refill 200g ICA,"77,00 kr","0.2kg 385,00 kr/kg",,,,,,,,,,,,,,,,,,,,,,,,,,,,,,,,,,,,,https://handlaprivatkund.ica.se/stores/1004181/products/mellanrost-snabbkaffe-refill-200g-ica/1007087
Vatten Kolsyrad Hallon Grapefrukt 150cl ICA,"11,90 kr","1.5L 7,93 kr/l exkl pant",,,,,,,,,5 mg,49 mg,65 mg,1.3 mg,15 mg,21 mg,,,,,,,,,,,,,,,,,,,,,,,https://handlaprivatkund.ica.se/stores/1004181/products/vatten-kolsyrad-hallon-grapefrukt-150cl-ica/2023838
Läsk Passionsfrukt 150cl ICA,"19,90 kr","1.5L 13,27 kr/l exkl pant",30 kcal,120 kJ,0 g,0 g,7 g,6.9 g,0 g,0 g,,,,,,,,,,,,,,,,,,,,,,,,,,,,,https://handlaprivatkund.ica.se/stores/1004181/products/l%C3%A4sk-passionsfrukt-150cl-ica/1467266
Energidryck Pink Edition Hallon Sockerfri 25cl Red Bull,"17,90 kr","0.25L 71,60 kr/l exkl pant",2 kcal,11 kJ,0 g,0 g,0 g,0 g,0 g,0.1 g,,,,,,,2 µg,2 mg,,,8 mg,2 mg,,,,,,,,,,,,,,,,,https://handlaprivatkund.ica.se/stores/1004181/products/energidryck-pink-edition-hallon-sockerfri-25cl-red-bull/2149189
Lightdryck Fizz Candy Sockerfri 80cl Zeroh,"37,90 kr","8L 4,74 kr/l exkl pant",0.6 kcal,2.6 kJ,0 g,0 g,0 g,0 g,0 g,0 g,,,,,,,,,,,,,,,,,,,,,,,,,,,,,https://handlaprivatkund.ica.se/stores/1004181/products/lightdryck-fizz-candy-sockerfri-80cl-zeroh/2132857
Fruktdryck Jordgubb&Passion 3-p 60cl ICA,"13,90 kr","0.6L 23,17 kr/l",,,,,,,,,,,,,,,,,,,,,,,,,,,,,,,,,,,,,https://handlaprivatkund.ica.se/stores/1004181/products/fruktdryck-jordgubb-passion-3-p-60cl-ica/2009989
Kolsyrat Vatten Kiwi Smultron Kiwi 50cl Loka,"15,90 kr","0.5L 31,80 kr/l exkl pant",0 kcal,0 kJ,0 g,0 g,0 g,0 g,0 g,0.04 g,,,,,,,,,,,,,,,,,,,,,,,,,,,,,https://handlaprivatkund.ica.se/stores/1004181/products/kolsyrat-vatten-kiwi-smultron-kiwi-50cl-loka/2155323
"Läsk Pepsi 1,5l","25,90 kr","1.5L 17,27 kr/l exkl pant",18 kcal,78 kJ,0 g,0 g,4.6 g,4.6 g,0 g,0 g,,,,,,,,,,,,,,,,,,,,,,,,,,,,,https://handlaprivatkund.ica.se/stores/1004181/products/l%C3%A4sk-pepsi-1-5l/2084374
Stilldrink Passionfrukt Sockerfri 50cl Mer,"16,90 kr","0.5L 33,80 kr/l exkl pant",4 kcal,15 kJ,0 g,0 g,0.6 g,0.5 g,0 g,0 g,,,,,,,,,,,,,,,,,,,,,,,,,,,,,https://handlaprivatkund.ica.se/stores/1004181/products/stilldrink-passionfrukt-sockerfri-50cl-mer/2055928
"Läsk Pepsi Max Mango 1,5l","25,90 kr","1.5L 17,27 kr/l exkl pant",0.5 kcal,2 kJ,0 g,0 g,0.1 g,0 g,0.1 g,0.01 g,,,,,,,,,,,,,,,,,,,,,,,,,,,,,https://handlaprivatkund.ica.se/stores/1004181/products/l%C3%A4sk-pepsi-max-mango-1-5l/2084376
Smoothie Energi Ananas Jordgubb Banan 850ml Brämhults,"62,00 kr","0.85L 72,94 kr/l exkl pant",56 kcal,235 kJ,0 g,0 g,13 g,12 g,0.5 g,0.01 g,,,,,,,,,40 mg,,,,,,0.8 g,,,,,,,,,,,,,,https://handlaprivatkund.ica.se/stores/1004181/products/smoothie-energi-ananas-jordgubb-banan-850ml-br%C3%A4mhults/2062836
"Öl 3,5% 50cl 6-p Pripps Blå","89,00 kr","3L 29,67 kr/l exkl pant",32 kcal,134 kJ,0 g,0 g,2.9 g,0 g,0.3 g,0 g,,,,,,,,,,,,,,,,,,,,,,,,,,,,,https://handlaprivatkund.ica.se/stores/1004181/products/%C3%B6l-3-5-50cl-6-p-pripps-bl%C3%A5/1399926
Iskaffe 1l ICA,"30,90 kr","1L 30,90 kr/l",34 kcal,143 kJ,0.9 g,0.6 g,4.3 g,4.2 g,2.1 g,0.2 g,,,,,,,,,,,,,,,,,,,,,,,,,,,,,https://handlaprivatkund.ica.se/stores/1004181/products/iskaffe-1l-ica/2105128
Blandsaft Jordgubb 500ml BOB,"33,90 kr","4L 8,48 kr/l exkl pant",34 kcal,141 kJ,0 g,0 g,8.2 g,8.1 g,0 g,0 g,,,,,,,,,,,,,,,,,,,,,,,,,,,,,https://handlaprivatkund.ica.se/stores/1004181/products/blandsaft-jordgubb-500ml-bob/1511375
Iskaffe Ice Espresso & mjölk Ekologisk 230ml Löfbergs,"25,90 kr","0.23L 112,61 kr/l",79 kcal,332 kJ,3.8 g,2.4 g,9.2 g,8.5 g,1.9 g,0.19 g,,,,,,,,,,,,,,,0.2 g,,,,,,,,,,,,,,https://handlaprivatkund.ica.se/stores/1004181/products/iskaffe-ice-espresso-mj%C3%B6lk-ekologisk-230ml-l%C3%B6fbergs/1493403
Protein Coffee Chocolate Mocha 330ml Starbucks®,"32,90 kr","0.33L 99,70 kr/l",52 kcal,218 kJ,1.1 g,0.7 g,4.1 g,3.8 g,6.1 g,0.13 g,,,,,,,,,,,,,,,,,,,,,,,,,,,,,https://handlaprivatkund.ica.se/stores/1004181/products/protein-coffee-chocolate-mocha-330ml-starbucks/2151757
Lemonad Nypressad Citron 300ml Brämhults,"31,90 kr","0.3L 106,33 kr/l exkl pant",36 kcal,151 kJ,0 g,0 g,8 g,7.9 g,0 g,0 g,,,,,,,,,,,,,,,,,,,,,,,,,,,,,https://handlaprivatkund.ica.se/stores/1004181/products/lemonad-nypressad-citron-300ml-br%C3%A4mhults/2062989
Lightdryck Orange Sockerfri 1l Fun Light,"38,90 kr","10L 3,89 kr/l exkl pant",1 kcal,4 kJ,0 g,0 g,0 g,0 g,0 g,0 g,,,,,,,,,,,,,,,,,,,,,,,,,,,,,https://handlaprivatkund.ica.se/stores/1004181/products/lightdryck-orange-sockerfri-1l-fun-light/1512958
"Pommac Orginal 1,4l","26,90 kr","1.4L 19,21 kr/l exkl pant",30 kcal,140 kJ,0 g,0 g,8 g,8 g,0 g,0.01 g,,,,,,,,,,,,,,,,,,,,,,,,,,,,,https://handlaprivatkund.ica.se/stores/1004181/products/pommac-orginal-1-4l/1249052
Energidryck Red Berries 25cl Euroshopper,"9,90 kr","0.25L 39,60 kr/l exkl pant",31 kcal,134 kJ,0.1 g,0 g,7.4 g,7.3 g,0.1 g,0.21 g,,,,,,,1 µg,0.56 mg,,0.56 mg,6.4 mg,2.4 mg,,,0.1 g,,,,,,,,,,,,,,https://handlaprivatkund.ica.se/stores/1004181/products/energidryck-red-berries-25cl-euroshopper/2131323
Bryggkaffe Tricolore 450g Lindvalls,"78,00 kr","0.45kg 173,33 kr/kg",,,,,,,,,,,,,,,,,,,,,,,,,,,,,,,,,,,,,https://handlaprivatkund.ica.se/stores/1004181/products/bryggkaffe-tricolore-450g-lindvalls/1517976
"Öl Lager 2,8% 50cl Mariestads","11,90 kr","0.5L 23,80 kr/l exkl pant",,,,,,,,,,,,,,,,,,,,,,,,,,,,,,,,,,,,,https://handlaprivatkund.ica.se/stores/1004181/products/%C3%B6l-lager-2-8-50cl-mariestads/1397559
"Vatten Kolsyrad Naturell 1,5l Loka","15,90 kr","1.5L 10,60 kr/l exkl pant",0 kcal,0 kJ,0 g,0 g,0 g,0 g,0 g,0.04 g,,,,,,,,,,,,,,,,,,,,,,,,,,,,,https://handlaprivatkund.ica.se/stores/1004181/products/vatten-kolsyrad-naturell-1-5l-loka/1314255
"Vatten Kolsyrat Hallon Rabarber 1,5l Loka","15,90 kr","1.5L 10,60 kr/l exkl pant",0 kcal,0 kJ,0 g,0 g,0 g,0 g,0 g,0.04 g,,,,,,,,,,,,,,,,,,,,,,,,,,,,,https://handlaprivatkund.ica.se/stores/1004181/products/vatten-kolsyrat-hallon-rabarber-1-5l-loka/2125522
Fruktdryck Päron Ekologisk 20cl Festis,"15,90 kr","0.6L 26,50 kr/l",28 kcal,121 kJ,0 g,0 g,6.9 g,6.8 g,0 g,0.01 g,,,,,,,,,,,,,,,,,,,,,,,,,,,,,https://handlaprivatkund.ica.se/stores/1004181/products/fruktdryck-p%C3%A4ron-ekologisk-20cl-festis/2078565
Tranbärsdryck Koncentrat 250ml Jokk,"38,90 kr","1L 38,90 kr/l drickklar",60 kcal,230 kJ,0 g,0 g,13 g,13 g,0 g,0 g,,,,,,,,,50 mg,,,,,,,,,,,,,,,,,,,,https://handlaprivatkund.ica.se/stores/1004181/products/tranb%C3%A4rsdryck-koncentrat-250ml-jokk/1269610
"Läsk Orange 1,5l Fanta","27,90 kr","1.5L 18,60 kr/l exkl pant",19 kcal,79 kJ,0 g,0 g,4 g,4 g,0 g,0.01 g,,,,,,,,,,,,,,,,,,,,,,,,,,,,,https://handlaprivatkund.ica.se/stores/1004181/products/l%C3%A4sk-orange-1-5l-fanta/2125540
Blandsaft Svarta vinbär 500ml BOB,"33,90 kr","4L 8,48 kr/l exkl pant",33 kcal,139 kJ,0 g,0 g,8.1 g,8 g,0 g,0 g,,,,,,,,,,,,,,,,,,,,,,,,,,,,,https://handlaprivatkund.ica.se/stores/1004181/products/blandsaft-svarta-vinb%C3%A4r-500ml-bob/1511368
Hallonjuice 850ml Brämhults,"54,00 kr","0.85L 63,53 kr/l exkl pant",43 kcal,180 kJ,0 g,0 g,9.9 g,9.8 g,0 g,0 g,,,,,,,,,,,,,,,,,,,,,,,,,,,,,https://handlaprivatkund.ica.se/stores/1004181/products/hallonjuice-850ml-br%C3%A4mhults/2062848
Läsk Crush Smultron 140cl Loka,"28,90 kr","1.4L 20,64 kr/l exkl pant",22 kcal,90 kJ,0 g,0 g,5 g,4.2 g,0 g,0 g,,,,,,,,,,,,,,,,,,,,,,,,,,,,,https://handlaprivatkund.ica.se/stores/1004181/products/l%C3%A4sk-crush-smultron-140cl-loka/2110686
"Vatten Kolsyrad Citron 1,5l Loka","15,90 kr","1.5L 10,60 kr/l exkl pant",0 kcal,0 kJ,0 g,0 g,0 g,0 g,0 g,0.04 g,,,,,,,,,,,,,,,,,,,,,,,,,,,,,https://handlaprivatkund.ica.se/stores/1004181/products/vatten-kolsyrad-citron-1-5l-loka/1314256
"Bryggkaffe, mellanrost, 450g, Lindvalls kaffe","78,00 kr","0.45kg 173,33 kr/kg",,,,,,,,,,,,,,,,,,,,,,,,,,,,,,,,,,,,,https://handlaprivatkund.ica.se/stores/1004181/products/bryggkaffe-mellanrost-450g-lindvalls-kaffe/1518047
"Lättöl 2,2% 33cl Pripps Blå","9,90 kr","0.33L 30,00 kr/l exkl pant",23 kcal,98 kJ,0 g,0 g,2.5 g,0 g,0.3 g,0 g,,,,,,,,,,,,,,,,,,,,,,,,,,,,,https://handlaprivatkund.ica.se/stores/1004181/products/l%C3%A4tt%C3%B6l-2-2-33cl-pripps-bl%C3%A5/1399572
Fruktdryck Vitt te Äpple Rabarber 850ml God Morgon®,"37,90 kr","0.85L 44,59 kr/l",23 kcal,96 kJ,0 g,0 g,5.3 g,5.1 g,0 g,0 g,,,,,,,,,,,,,,,,,,,,,,,,,,,,,https://handlaprivatkund.ica.se/stores/1004181/products/fruktdryck-vitt-te-%C3%A4pple-rabarber-850ml-god-morgon/2141255
Fruktdryck Äpple & Blåbär 3-p 60cl ICA,"13,90 kr","0.6L 23,17 kr/l",,,,,,,,,,,,,,,,,,,,,,,,,,,,,,,,,,,,,https://handlaprivatkund.ica.se/stores/1004181/products/fruktdryck-%C3%A4pple-bl%C3%A5b%C3%A4r-3-p-60cl-ica/2009985
Iskaffe Latte Macchiato Ekologisk 230ml Löfbergs,"25,90 kr","0.23L 112,61 kr/l",72 kcal,305 kJ,2.4 g,1.5 g,9.6 g,9.2 g,3 g,0.34 g,,,,,,,,,,,,,,,0.2 g,,,,,,,,,,,,,,https://handlaprivatkund.ica.se/stores/1004181/products/iskaffe-latte-macchiato-ekologisk-230ml-l%C3%B6fbergs/1493400
"Läsk 7-UP 1,5l","25,90 kr","1.5L 17,27 kr/l exkl pant",19 kcal,82 kJ,0 g,0 g,4.7 g,4.7 g,0 g,0.04 g,,,,,,,,,,,,,,,,,,,,,,,,,,,,,https://handlaprivatkund.ica.se/stores/1004181/products/l%C3%A4sk-7-up-1-5l/1129413
Apelsinjuice med fruktkött 1l ICA,"42,90 kr","1L 42,90 kr/l exkl pant",44 kcal,186 kJ,0.2 g,0.1 g,9.1 g,9.1 g,0.7 g,0 g,,,,,,,,,25 mg,,,,,,,,,,,,,,,,,,,,https://handlaprivatkund.ica.se/stores/1004181/products/apelsinjuice-med-fruktk%C3%B6tt-1l-ica/2038422
Energidryck Valentino Rossi Zero Sugar 50cl Monster Energy,"21,90 kr","0.5L 43,80 kr/l exkl pant",3 kcal,11 kJ,0 g,0 g,0.7 g,0 g,0 g,0.09 g,,,,,,,2.5 µg,0.8 mg,,,8.5 mg,4.2 mg,,,,,,,,,,,,,,,,,https://handlaprivatkund.ica.se/stores/1004181/products/energidryck-valentino-rossi-zero-sugar-50cl-monster-energy/2166485
Läsk 50cl Coca-Cola,"19,90 kr","0.5L 39,80 kr/l exkl pant",42 kcal,180 kJ,0 g,0 g,10.6 g,10.6 g,0 g,0 g,,,,,,,,,,,,,,,,,,,,,,,,,,,,,https://handlaprivatkund.ica.se/stores/1004181/products/l%C3%A4sk-50cl-coca-cola/1000780
Tranbärsdryck Classic 1l Ocean Spray,"35,90 kr","1L 35,90 kr/l",50 kcal,211 kJ,0 g,0 g,12.6 g,11.6 g,0 g,0 g,,,,,,,,,,,,,,,,,,,,,,,,,,,,,https://handlaprivatkund.ica.se/stores/1004181/products/tranb%C3%A4rsdryck-classic-1l-ocean-spray/2024043
Läsk Forest Berries Zero Sugar 1.5l Fanta,"27,90 kr","1.5L 18,60 kr/l exkl pant",2 kcal,7 kJ,0 g,0 g,0.2 g,0.2 g,0 g,0.02 g,,,,,,,,,,,,,,,,,,,,,,,,,,,,,https://handlaprivatkund.ica.se/stores/1004181/products/l%C3%A4sk-forest-berries-zero-sugar-1-5l-fanta/2168421
Öl Easy Rider Alkoholfri 33cl Gotlands Bryggeri,"19,90 kr","0.33L 60,30 kr/l exkl pant",21 kcal,90 kJ,0.5 g,0.5 g,4 g,0.5 g,0.5 g,0.01 g,,,,,,,,,,,,,,,,,,,,,,,,,,,,,https://handlaprivatkund.ica.se/stores/1004181/products/%C3%B6l-easy-rider-alkoholfri-33cl-gotlands-bryggeri/2132282
"Läsk Raspberry Zero 1,5l Fanta","27,90 kr","1.5L 18,60 kr/l exkl pant",2 kcal,7 kJ,0 g,0 g,0.2 g,0.2 g,0 g,0.03 g,,,,,,,,,,,,,,,,,,,,,,,,,,,,,https://handlaprivatkund.ica.se/stores/1004181/products/l%C3%A4sk-raspberry-zero-1-5l-fanta/2037185
"Vatten Kolsyrat Mango Lime 1,5l Loka","15,90 kr","1.5L 10,60 kr/l exkl pant",0 kcal,0 kJ,0 g,0 g,0 g,0 g,0 g,0.04 g,,,,,,,,,,,,,,,,,,,,,,,,,,,,,https://handlaprivatkund.ica.se/stores/1004181/products/vatten-kolsyrat-mango-lime-1-5l-loka/2089692
Läsk Coca-Cola 1l,"24,90 kr","1L 24,90 kr/l exkl pant",42 kcal,180 kJ,0 g,0 g,10.6 g,10.6 g,0 g,0 g,,,,,,,,,,,,,,,,,,,,,,,,,,,,,https://handlaprivatkund.ica.se/stores/1004181/products/l%C3%A4sk-coca-cola-1l/1445555
Läsk Zingo Apelsin Sockerfri 50cl,"18,90 kr","0.5L 37,80 kr/l exkl pant",3 kcal,13 kJ,0.5 g,0.1 g,0.5 g,0.5 g,0.5 g,0.01 g,,,,,,,,,,,,,,,,,,,,,,,,,,,,,https://handlaprivatkund.ica.se/stores/1004181/products/l%C3%A4sk-zingo-apelsin-sockerfri-50cl/2073925
Lady grey te 25-p Twinings,"43,90 kr","25 per frp 1,76 kr/st",,,,,,,,,,,,,,,,,,,,,,,,,,,,,,,,,,,,,https://handlaprivatkund.ica.se/stores/1004181/products/lady-grey-te-25-p-twinings/1487010
Läsk Trocamust Zero 33cl Trocadero,"9,90 kr","0.33L 30,00 kr/l exkl pant",2 kcal,8 kJ,0 g,0 g,0 g,0 g,0 g,0 g,,,,,,,,,,,,,,,,,,,,,,,,,,,,,https://handlaprivatkund.ica.se/stores/1004181/products/l%C3%A4sk-trocamust-zero-33cl-trocadero/2118505
Te Chai herbal Ginger 20p Twinings,"51,00 kr","20 per frp 2,55 kr/st",,,,,,,,,,,,,,,,,,,,,,,,,,,,,,,,,,,,,https://handlaprivatkund.ica.se/stores/1004181/products/te-chai-herbal-ginger-20p-twinings/2139785
Kaffe Eco 450g KRAV Arvid Nordquist Selection,"117,00 kr","0.45kg 260,00 kr/kg",,,,,,,,,,,,,,,,,,,,,,,,,,,,,,,,,,,,,https://handlaprivatkund.ica.se/stores/1004181/products/kaffe-eco-450g-krav-arvid-nordquist-selection/1476392
Juice Äpple & Fläder Ekologisk 850ml God Morgon®,"43,90 kr","0.85L 51,65 kr/l exkl pant",45 kcal,196 kJ,0 g,0 g,11 g,10 g,0 g,0 g,,,,,,,,,,,,,,,,,,,,,,,,,,,,,https://handlaprivatkund.ica.se/stores/1004181/products/juice-%C3%A4pple-fl%C3%A4der-ekologisk-850ml-god-morgon/2018623
Taragui 500g Yerba Mate,"59,00 kr","0.5kg 118,00 kr/kg",61 kcal,256 kJ,0 g,0 g,12 g,0 g,3 g,0.1 g,,,,,,,,,,,,,,,,,,,,,,,,,,,,,https://handlaprivatkund.ica.se/stores/1004181/products/taragui-500g-yerba-mate/1382292
Juice Brasilien Äpple Drakfrukt Guava Lime 1750ml Bravo,"53,00 kr","1.75L 30,29 kr/l",42 kcal,175 kJ,0 g,0 g,9.6 g,9.2 g,0 g,0 g,,,,,,,,,,,,,,,,,,,,,,,,,,,,,https://handlaprivatkund.ica.se/stores/1004181/products/juice-brasilien-%C3%A4pple-drakfrukt-guava-lime-1750ml-bravo/2141596
"Vatten Kolsyrat Päron 1,5l Ramlösa","18,90 kr","1.5L 12,60 kr/l exkl pant",,,,,,,,,2 mg,16 mg,3.5 mg,2.3 mg,0.8 mg,210 mg,,,,,,,,,,,,,,,,,,,,,,,https://handlaprivatkund.ica.se/stores/1004181/products/vatten-kolsyrat-p%C3%A4ron-1-5l-raml%C3%B6sa/2073894
Bryggkaffe Blue Java 450g Zoegas,"104,00 kr","0.45kg 231,11 kr/kg",,,,,,,,,,,,,,,,,,,,,,,,,,,,,,,,,,,,,https://handlaprivatkund.ica.se/stores/1004181/products/bryggkaffe-blue-java-450g-zoegas/2151444
Juice Apelsin Röd Grape 1l God Morgon®,"40,90 kr","1L 40,90 kr/l",41 kcal,171 kJ,0 g,0 g,8.4 g,7.9 g,0.7 g,0 g,,,,,,,,,23 mg,,,,,,,,,,,,,,,,,,,,https://handlaprivatkund.ica.se/stores/1004181/products/juice-apelsin-r%C3%B6d-grape-1l-god-morgon/1201739
"Vatten Kolsyrad Citrus 1,5l Ramlösa","18,90 kr","1.5L 12,60 kr/l exkl pant",,,,,,,,,,,,,,,,,,,,,,,,,,,,,,,,,,,,,https://handlaprivatkund.ica.se/stores/1004181/products/vatten-kolsyrad-citrus-1-5l-raml%C3%B6sa/1511489
Kaffe Ebony Mörkrost 450g Gevalia,"95,00 kr","0.45kg 211,11 kr/kg",,,,,,,,,,,,,,,,,,,,,,,,,,,,,,,,,,,,,https://handlaprivatkund.ica.se/stores/1004181/products/kaffe-ebony-m%C3%B6rkrost-450g-gevalia/2166097
Bryggkaffe Mellanmörk 450g Löfbergs,"89,00 kr","0.45kg 197,78 kr/kg",,,,,,,,,,,,,,,,,,,,,,,,,,,,,,,,,,,,,https://handlaprivatkund.ica.se/stores/1004181/products/bryggkaffe-mellanm%C3%B6rk-450g-l%C3%B6fbergs/2032524
Läsk Aranciata 33cl San Pellegrino,"16,90 kr","0.33L 51,21 kr/l exkl pant",35 kcal,149 kJ,0 g,0 g,8.1 g,8.1 g,0.1 g,0 g,,,,,,,,,,,,,,,0 g,,,,,,,,,,,,,,https://handlaprivatkund.ica.se/stores/1004181/products/l%C3%A4sk-aranciata-33cl-san-pellegrino/2094885
Äppelcider Orginal 1l Herrljunga,"21,90 kr","1L 21,90 kr/l exkl pant",35 kcal,150 kJ,0 g,0 g,8.5 g,8.4 g,0 g,0 g,,,,,,,,,,,,,,,,,,,,,,,,,,,,,https://handlaprivatkund.ica.se/stores/1004181/products/%C3%A4ppelcider-orginal-1l-herrljunga/1329126
Juice Orange Smooth utan fruktkött 900ml Tropicana,"46,90 kr","0.9L 52,11 kr/l exkl pant",40 kcal,172 kJ,0 g,0 g,9.3 g,8.6 g,0.8 g,0 g,200 mg,,,,,,,,30 mg,,,,,,0 g,13 µg,,,,,,,,,,,,,https://handlaprivatkund.ica.se/stores/1004181/products/juice-orange-smooth-utan-fruktk%C3%B6tt-900ml-tropicana/2038988
Bryggkaffe Jubileum 450g Löfbergs,"89,00 kr","0.45kg 197,78 kr/kg",,,,,,,,,,,,,,,,,,,,,,,,,,,,,,,,,,,,,https://handlaprivatkund.ica.se/stores/1004181/products/bryggkaffe-jubileum-450g-l%C3%B6fbergs/1476526
Läsk Orange 50cl Fanta zero,"19,90 kr","0.5L 39,80 kr/l exkl pant",3 kcal,11 kJ,0 g,0 g,0.4 g,0.4 g,0 g,0.01 g,,,,,,,,,,,,,,,,,,,,,,,,,,,,,https://handlaprivatkund.ica.se/stores/1004181/products/l%C3%A4sk-orange-50cl-fanta-zero/2078556
Te Earl Grey 20-p KRAV Kung Markatta,"32,90 kr","20 per frp 1,65 kr/st",1 kcal,3 kJ,0 g,0 g,0.2 g,0.1 g,0 g,,,,,,,,,,,,,,,,,,,,,,,,,,,,,,https://handlaprivatkund.ica.se/stores/1004181/products/te-earl-grey-20-p-krav-kung-markatta/1441365
Hallon björnbär måltidsdryck 2dl ICA,"8,90 kr","1L 8,90 kr/l drickklar",,,,,,,,,,,,,,,,,,,,,,,,,,,,,,,,,,,,,https://handlaprivatkund.ica.se/stores/1004181/products/hallon-bj%C3%B6rnb%C3%A4r-m%C3%A5ltidsdryck-2dl-ica/1514883
Kolsyrad Äpplemust Lemon Rose 33cl Mustly,"20,90 kr","0.33L 63,33 kr/l exkl pant",20 kcal,84 kJ,0 g,0 g,4.5 g,4.5 g,0.2 g,0 g,,,,,,,,,,,,,,,,,,,,,,,,,,,,,https://handlaprivatkund.ica.se/stores/1004181/products/kolsyrad-%C3%A4pplemust-lemon-rose-33cl-mustly/2105104
Läsk Cola Zero Koffeinfri 150cl Coca-Cola,"27,90 kr","1.5L 18,60 kr/l exkl pant",0.3 kcal,1.4 kJ,0 g,0 g,0 g,0 g,0 g,0.01 g,,,,,,,,,,,,,,,,,,,,,,,,,,,,,https://handlaprivatkund.ica.se/stores/1004181/products/l%C3%A4sk-cola-zero-koffeinfri-150cl-coca-cola/2105857
"Läsk Geléhallon Zero 1,5l Trocadero","22,90 kr","1.5L 15,27 kr/l exkl pant",2 kcal,8 kJ,0 g,0 g,0 g,0 g,0 g,0 g,,,,,,,,,,,,,,,,,,,,,,,,,,,,,https://handlaprivatkund.ica.se/stores/1004181/products/l%C3%A4sk-gel%C3%A9hallon-zero-1-5l-trocadero/2125532
Kaffekapslar Espresso Onyx 10-p L´Or,"55,00 kr","10 per frp 5,50 kr/st",,,,,,,,,,,,,,,,,,,,,,,,,,,,,,,,,,,,,https://handlaprivatkund.ica.se/stores/1004181/products/kaffekapslar-espresso-onyx-10-p-l-or/2032925
Läsk Citron Sockerfri 150cl Zingo,"25,90 kr","1.5L 17,27 kr/l exkl pant",3 kcal,12 kJ,0 g,0 g,0.5 g,0.5 g,0 g,0 g,,,,,,,,,,,,,,,,,,,,,,,,,,,,,https://handlaprivatkund.ica.se/stores/1004181/products/l%C3%A4sk-citron-sockerfri-150cl-zingo/2110692
Energidryck Lewis Hamilton Zero Sockerfri 50cl Monster Energy,"21,90 kr","0.5L 43,80 kr/l exkl pant",3 kcal,12 kJ,0 g,0 g,0.8 g,0 g,0 g,0.16 g,,,,,,,,,,,,,,,,,,,,,,,,,,,,,https://handlaprivatkund.ica.se/stores/1004181/products/energidryck-lewis-hamilton-zero-sockerfri-50cl-monster-energy/2105671
Kaffe Amigas Mörkrost 450g Arvid Nordquist,"117,00 kr","0.45kg 260,00 kr/kg",,,,,,,,,,,,,,,,,,,,,,,,,,,,,,,,,,,,,https://handlaprivatkund.ica.se/stores/1004181/products/kaffe-amigas-m%C3%B6rkrost-450g-arvid-nordquist/1527007
Bryggkaffe Mellanrost 450g ICA,"82,00 kr","0.45kg 182,22 kr/kg",,,,,,,,,,,,,,,,,,,,,,,,,,,,,,,,,,,,,https://handlaprivatkund.ica.se/stores/1004181/products/bryggkaffe-mellanrost-450g-ica/2074972
Kombucha 330ml Strawberry Humm,"31,90 kr","0.33L 96,67 kr/l exkl pant",20 kcal,84 kJ,0 g,0 g,4 g,4 g,0 g,0 g,,,,,,,,,,,,,,,,,,,,,,,,,,,,,https://handlaprivatkund.ica.se/stores/1004181/products/kombucha-330ml-strawberry-humm/2115231
Fruktdryck Strawsome Lemonad 850ml Brämhults,"51,00 kr","0.85L 60,00 kr/l exkl pant",41 kcal,172 kJ,0 g,0 g,9.4 g,9.2 g,0 g,0 g,,,,,,,,,,,,,,,,,,,,,,,,,,,,,https://handlaprivatkund.ica.se/stores/1004181/products/fruktdryck-strawsome-lemonad-850ml-br%C3%A4mhults/2151322
"Läsk Apelsin 1,5l Zingo","25,90 kr","1.5L 17,27 kr/l exkl pant",47 kcal,197 kJ,0 g,0 g,11 g,11 g,0 g,0 g,,,,,,,,,,,,,,,,,,,,,,,,,,,,,https://handlaprivatkund.ica.se/stores/1004181/products/l%C3%A4sk-apelsin-1-5l-zingo/1129412
Kolsyrad Äpplemust Green Apple 33cl Mustly,"20,90 kr","0.33L 63,33 kr/l exkl pant",20 kcal,84 kJ,0 g,0 g,4.5 g,4.5 g,0.2 g,0 g,,,,,,,,,,,,,,,,,,,,,,,,,,,,,https://handlaprivatkund.ica.se/stores/1004181/products/kolsyrad-%C3%A4pplemust-green-apple-33cl-mustly/2105103
Energidryck Nitro Cosmic Peach 50cl Monster,"21,90 kr","0.5L 43,80 kr/l exkl pant",,,,,,,,,,,,,,,2.5 µg,0.8 mg,,0.7 mg,8.5 mg,,,,,,,,,,,,,,,,,,https://handlaprivatkund.ica.se/stores/1004181/products/energidryck-nitro-cosmic-peach-50cl-monster/2117294
Kolsyrat Vatten Hallon Äpple 150cl Ramlösa,"17,90 kr","1.5L 11,93 kr/l exkl pant",,,,,,,,,4 mg,39 mg,100 mg,0.2 mg,11.5 mg,16 mg,,,,,,,,,,,,,,,,,,,,,,,https://handlaprivatkund.ica.se/stores/1004181/products/kolsyrat-vatten-hallon-%C3%A4pple-150cl-raml%C3%B6sa/2104993
"Kolsyrat Vatten Persika Päron 1,5l Loka","15,90 kr","1.5L 10,60 kr/l exkl pant",0 kcal,0 kJ,0 g,0 g,0 g,0 g,0 g,0.04 g,,,,,,,,,,,,,,,,,,,,,,,,,,,,,https://handlaprivatkund.ica.se/stores/1004181/products/kolsyrat-vatten-persika-p%C3%A4ron-1-5l-loka/2149182
Läsk Cola Zero 1l Coca-Cola,"24,90 kr","1L 24,90 kr/l exkl pant",0.3 kcal,1.3 kJ,0 g,0 g,0 g,0 g,0 g,0.01 g,,,,,,,,,,,,,,,,,,,,,,,,,,,,,https://handlaprivatkund.ica.se/stores/1004181/products/l%C3%A4sk-cola-zero-1l-coca-cola/1445558
"Vatten Granatäpple Lime 1,5l ICA","11,90 kr","1.5L 7,93 kr/l exkl pant",,,,,,,,,5 mg,49 mg,65 mg,1.3 mg,15 mg,21 mg,,,,,,,,,,,,,,,,,,,,,,,https://handlaprivatkund.ica.se/stores/1004181/products/vatten-granat%C3%A4pple-lime-1-5l-ica/2074690
Bryggkaffe Skånerost 450g Zoegas,"104,00 kr","0.45kg 231,11 kr/kg",,,,,,,,,,,,,,,,,,,,,,,,,,,,,,,,,,,,,https://handlaprivatkund.ica.se/stores/1004181/products/bryggkaffe-sk%C3%A5nerost-450g-zoegas/2151441
Läsk Ginger Ale 50cl Schweppes,"19,90 kr","0.5L 39,80 kr/l exkl pant",19 kcal,83 kJ,0 g,0 g,4.6 g,4.6 g,0 g,0.01 g,,,,,,,,,,,,,,,,,,,,,,,,,,,,,https://handlaprivatkund.ica.se/stores/1004181/products/l%C3%A4sk-ginger-ale-50cl-schweppes/2149407
Läsk Crush Hallon 50cl Loka,"17,90 kr","0.5L 35,80 kr/l exkl pant",19 kcal,82 kJ,0.5 g,0 g,5 g,4 g,0.5 g,0.1 g,,,,,,,,,,,,,,,,,,,,,,,,,,,,,https://handlaprivatkund.ica.se/stores/1004181/products/l%C3%A4sk-crush-hallon-50cl-loka/1467566
"Vatten Kolsyrad Fläder & lime 1,5l Ramlösa","18,90 kr","1.5L 12,60 kr/l exkl pant",,,,,,,,,,,,,,,,,,,,,,,,,,,,,,,,,,,,,https://handlaprivatkund.ica.se/stores/1004181/products/vatten-kolsyrad-fl%C3%A4der-lime-1-5l-raml%C3%B6sa/1511491
Kaffe Peru Hela bönor Ekologisk 450g ICA I love eco,"113,00 kr","0.45kg 251,11 kr/kg",,,,,,,,,,,,,,,,,,,,,,,,,,,,,,,,,,,,,https://handlaprivatkund.ica.se/stores/1004181/products/kaffe-peru-hela-b%C3%B6nor-ekologisk-450g-ica-i-love-eco/2021783
Juice Blåbär Svartvinbär 900ml Innocent,"47,90 kr","0.9L 53,22 kr/l exkl pant",,,,,,,,,,,,,,,,,,,,,,,,,,,,,,,,,,,,,https://handlaprivatkund.ica.se/stores/1004181/products/juice-bl%C3%A5b%C3%A4r-svartvinb%C3%A4r-900ml-innocent/2052877
Saft Taste of Mojito 0.8l Zeroh,"37,90 kr","8L 4,74 kr/l exkl pant",0.8 kcal,3.2 kJ,0 g,0 g,0 g,0 g,0 g,0 g,,,,,,,,,,,,,,,,,,,,,,,,,,,,,https://handlaprivatkund.ica.se/stores/1004181/products/saft-taste-of-mojito-0-8l-zeroh/2156646
Kaffe GranDia Hela bönor 500g Arvid Nordquist,"118,00 kr","0.5kg 236,00 kr/kg",,,,,,,,,,,,,,,,,,,,,,,,,,,,,,,,,,,,,https://handlaprivatkund.ica.se/stores/1004181/products/kaffe-grandia-hela-b%C3%B6nor-500g-arvid-nordquist/1396253
"Fruktdryck Crush Hallon 1,4l Loka","28,90 kr","1.4L 20,64 kr/l exkl pant",19 kcal,82 kJ,0.5 g,0 g,5 g,4 g,0.5 g,0.1 g,,,,,,,,,,,,,,,,,,,,,,,,,,,,,https://handlaprivatkund.ica.se/stores/1004181/products/fruktdryck-crush-hallon-1-4l-loka/1467615
"Chokladmjölk Ljus Pucko® 1,5% 1l Cocio","33,90 kr","1L 33,90 kr/l",65 kcal,272 kJ,1.5 g,1 g,9 g,8.9 g,3.6 g,0.08 g,,,119 mg,,,,,,,,,,,,,,1 µg,,,,,,,,,,,,https://handlaprivatkund.ica.se/stores/1004181/products/chokladmj%C3%B6lk-ljus-pucko-1-5-1l-cocio/1431937
Lightdryck Citrus Sockerfri 80cl Zeroh,"38,90 kr","8L 4,86 kr/l exkl pant",0.6 kcal,2.7 kJ,0 g,0 g,0 g,0 g,0 g,0 g,,,,,,,,,,,,,,,,,,,,,,,,,,,,,https://handlaprivatkund.ica.se/stores/1004181/products/lightdryck-citrus-sockerfri-80cl-zeroh/2105123
Kaffekapslar Lungo 10 Estremo 10-p L'Or,"55,00 kr","10 per frp 5,50 kr/st",,,,,,,,,,,,,,,,,,,,,,,,,,,,,,,,,,,,,https://handlaprivatkund.ica.se/stores/1004181/products/kaffekapslar-lungo-10-estremo-10-p-l-or/2032539
Choco Latte ICE 230ml Löfbergs,"25,90 kr","0.23L 112,61 kr/l",58 kcal,244 kJ,2.8 g,1.8 g,4.8 g,4.3 g,3.4 g,0.18 g,,,,,,,,,,,,,,,,,,,,,,,,,,,,,https://handlaprivatkund.ica.se/stores/1004181/products/choco-latte-ice-230ml-l%C3%B6fbergs/2101650
Läsk Exotic 50cl Fanta Zero,"19,90 kr","0.5L 39,80 kr/l exkl pant",3 kcal,12 kJ,0 g,0 g,0.5 g,0.4 g,0 g,0.02 g,,,,,,,,,,,,,,,,,,,,,,,,,,,,,https://handlaprivatkund.ica.se/stores/1004181/products/l%C3%A4sk-exotic-50cl-fanta-zero/2126281
"Öl 2,8% 50cl 6-p Pripps Blå","45,00 kr","3L 15,00 kr/l exkl pant",28 kcal,119 kJ,0 g,0 g,3 g,0 g,0.3 g,0 g,,,,,,,,,,,,,,,,,,,,,,,,,,,,,https://handlaprivatkund.ica.se/stores/1004181/products/%C3%B6l-2-8-50cl-6-p-pripps-bl%C3%A5/1399944
Lightdryck Mango Lemon Sockerfri 80cl Zeroh!,"38,90 kr","8L 4,86 kr/l exkl pant",0.7 kcal,3 kJ,0 g,0 g,0 g,0 g,0 g,0 g,,,,,,,,,,,,,,,,,,,,,,,,,,,,,https://handlaprivatkund.ica.se/stores/1004181/products/lightdryck-mango-lemon-sockerfri-80cl-zeroh/2074524
Smoothie Antioxidant 300ml Innocent,"33,90 kr","0.3L 113,00 kr/l exkl pant",,,,,,,,,,,,,,,,,,,,,,,,,,,,,,,,,,,,,https://handlaprivatkund.ica.se/stores/1004181/products/smoothie-antioxidant-300ml-innocent/2057759
Vätskeersättning Mangosmak 90g Resorb,"70,00 kr","0.09kg 777,78 kr/kg",,,,,6 g,5.8 g,,,188 mg,200 mg,,,,188 mg,,,,,,,,,,,,,,,,,,,,,,,https://handlaprivatkund.ica.se/stores/1004181/products/v%C3%A4tskeers%C3%A4ttning-mangosmak-90g-resorb/2105368
Shot Ingefära 65ml RÅ,"15,90 kr","0.065L 244,62 kr/l",38 kcal,163 kJ,0 g,0 g,7 g,6 g,0.5 g,0 g,,,,,,,,,,,,,,,,,,,,,,,,,,,,,https://handlaprivatkund.ica.se/stores/1004181/products/shot-ingef%C3%A4ra-65ml-r%C3%A5/2107610
Chokladdryck Vattenlöslig Portionsförpackning 10-p O'boy,"40,90 kr","10 per frp 4,09 kr/st",365 kcal,1560 kJ,1.4 g,0.8 g,65 g,63 g,21.5 g,1.25 g,,,,,,,,,,,,,,,2.7 g,,,,,,,,,,,,,,https://handlaprivatkund.ica.se/stores/1004181/products/chokladdryck-vattenl%C3%B6slig-portionsf%C3%B6rpackning-10-p-o-boy/1428597
"Lingondryck Koncentrat 2,5dl Jokk","30,90 kr","1L 30,90 kr/l drickklar",40 kcal,170 kJ,0 g,0 g,9.8 g,9.8 g,0 g,0 g,,,,,,,,,50 mg,,,,,,,,,,,,,,,,,,,,https://handlaprivatkund.ica.se/stores/1004181/products/lingondryck-koncentrat-2-5dl-jokk/1269851
Vatten Kolsyrat Hallon Rabarber 50cl Loka,"15,90 kr","0.5L 31,80 kr/l exkl pant",0 kcal,0 kJ,0 g,0 g,0 g,0 g,0 g,0.04 g,,,,,,,,,,,,,,,,,,,,,,,,,,,,,https://handlaprivatkund.ica.se/stores/1004181/products/vatten-kolsyrat-hallon-rabarber-50cl-loka/2125525
Läsk Trocamust 33cl Trocadero,"9,90 kr","0.33L 30,00 kr/l exkl pant",40 kcal,169 kJ,0 g,0 g,9.7 g,9.5 g,0 g,0 g,,,,,,,,,,,,,,,,,,,,,,,,,,,,,https://handlaprivatkund.ica.se/stores/1004181/products/l%C3%A4sk-trocamust-33cl-trocadero/2118499
Snabbkaffe Fair Fresh Ekologisk 100g Fairtrade Löfbergs,"74,00 kr","0.1kg 740,00 kr/kg",,,,,,,,,,,,,,,,,,,,,,,,,,,,,,,,,,,,,https://handlaprivatkund.ica.se/stores/1004181/products/snabbkaffe-fair-fresh-ekologisk-100g-fairtrade-l%C3%B6fbergs/2022112
"Läsk Grapefruit Tonic 1,4l Grappo","26,90 kr","1.4L 19,21 kr/l exkl pant",40 kcal,165 kJ,0 g,0 g,9.5 g,9.5 g,0 g,0 g,,,,,,,,,,,,,,,,,,,,,,,,,,,,,https://handlaprivatkund.ica.se/stores/1004181/products/l%C3%A4sk-grapefruit-tonic-1-4l-grappo/1249042
Energidryck Päron 33cl Nocco,"26,90 kr","0.33L 81,52 kr/l exkl pant",4 kcal,15 kJ,0.9 g,0 g,0 g,0 g,0.9 g,0 g,,,,,,,0.8 µg,0.42 mg,,,3.9 mg,,15 µg,,0 g,30 µg,1.5 µg,,,,,,,,,,,,https://handlaprivatkund.ica.se/stores/1004181/products/energidryck-p%C3%A4ron-33cl-nocco/1485476
Juice Apelsin 850ml God Morgon®,"47,90 kr","0.85L 56,35 kr/l exkl pant",43 kcal,180 kJ,0 g,0 g,8.8 g,8.5 g,0 g,0 g,,,,,,,,,25 mg,,,,,,,21.8 µg,,,,,,,,,,,,,https://handlaprivatkund.ica.se/stores/1004181/products/juice-apelsin-850ml-god-morgon/2151837
Fruktdryck Blueberry Pear 50cl Festis,"17,90 kr","0.5L 35,80 kr/l exkl pant",3 kcal,12 kJ,0 g,0 g,0.5 g,0.5 g,0 g,0 g,,,,,,,,,,,,,,,,,,,,,,,,,,,,,https://handlaprivatkund.ica.se/stores/1004181/products/fruktdryck-blueberry-pear-50cl-festis/2056012
Kaffefilter Orginal Vit 1x4 80-p Miljömärkt Melitta,"29,90 kr","80 per frp 0,37 kr/st",,,,,,,,,,,,,,,,,,,,,,,,,,,,,,,,,,,,,https://handlaprivatkund.ica.se/stores/1004181/products/kaffefilter-orginal-vit-1x4-80-p-milj%C3%B6m%C3%A4rkt-melitta/1294333
Energidryck Fall Edition 2025 330cl Nocco,"26,90 kr","0.33L 81,52 kr/l exkl pant",2 kcal,9 kJ,0 g,0 g,0 g,0 g,0 g,0 g,,,,,,,0.76 µg,0.42 mg,,,3.9 mg,,15 µg,,0 g,30 µg,,,,,,,,,,,,,https://handlaprivatkund.ica.se/stores/1004181/products/energidryck-fall-edition-2025-330cl-nocco/2166483
Läsk Exotic 50cl Fanta,"19,90 kr","0.5L 39,80 kr/l exkl pant",53 kcal,227 kJ,0 g,0 g,13.2 g,13.2 g,0 g,0 g,,,,,,,,,,,,,,,,,,,,,,,,,,,,,https://handlaprivatkund.ica.se/stores/1004181/products/l%C3%A4sk-exotic-50cl-fanta/1001474
Kaffe Hela bönor Mellanrost Fika 400g Löfbergs,"109,00 kr","0.4kg 272,50 kr/kg",,,,,,,,,,,,,,,,,,,,,,,,,,,,,,,,,,,,,https://handlaprivatkund.ica.se/stores/1004181/products/kaffe-hela-b%C3%B6nor-mellanrost-fika-400g-l%C3%B6fbergs/2022103
"Öl 3,5% 50cl 6-p Norrlands Guld","91,00 kr","3L 30,33 kr/l exkl pant",33 kcal,137 kJ,,,,,,,,,,,,,,,,,,,,,,,,,,,,,,,,,,,https://handlaprivatkund.ica.se/stores/1004181/products/%C3%B6l-3-5-50cl-6-p-norrlands-guld/1397715
"Öl 3,5% 44cl 4-p Guinness","99,00 kr","1.76L 56,25 kr/l exkl pant",,,,,,,,,,,,,,,,,,,,,,,,,,,,,,,,,,,,,https://handlaprivatkund.ica.se/stores/1004181/products/%C3%B6l-3-5-44cl-4-p-guinness/1399912
Kombucha Päron 330ml Humm,"31,90 kr","0.33L 96,67 kr/l",21 kcal,91 kJ,0 g,0 g,4.8 g,4.6 g,0 g,0 g,,,,,,,,,,,,,,,,,,,,,,,,,,,,,https://handlaprivatkund.ica.se/stores/1004181/products/kombucha-p%C3%A4ron-330ml-humm/2141592
"Läskdryck Vindruva,Hallon,Svartavinbär 50cl Vimto","21,90 kr","0.5L 43,80 kr/l exkl pant",44 kcal,184 kJ,0 g,0 g,11 g,11 g,0 g,0 g,,,,,,,,,,,,,,,,,,,,,,,,,,,,,https://handlaprivatkund.ica.se/stores/1004181/products/l%C3%A4skdryck-vindruva-hallon-svartavinb%C3%A4r-50cl-vimto/2155262
Iste Lemon 52g Lipton,"13,90 kr","0.052kg 267,31 kr/kg",21 kcal,86 kJ,0.5 g,0.1 g,4.9 g,4.8 g,0.5 g,0.04 g,,,,,,,,,,,,,,,,,,,,,,,,,,,,,https://handlaprivatkund.ica.se/stores/1004181/products/iste-lemon-52g-lipton/2139043
Kolsyrat Vatten Grönt Äpple 50cl Ramlösa,"15,90 kr","0.5L 31,80 kr/l exkl pant",,,,,,,,,2 mg,16 mg,3.5 mg,2.3 mg,0.8 mg,210 mg,,,,,,,,,,,,,,,,,,,,,,,https://handlaprivatkund.ica.se/stores/1004181/products/kolsyrat-vatten-gr%C3%B6nt-%C3%A4pple-50cl-raml%C3%B6sa/2149184
Lättdryck Svarta vinbär Koncentrat 2dl Kiviks,"10,90 kr","1L 10,90 kr/l drickklar",30 kcal,140 kJ,0 g,0 g,7.8 g,7.8 g,0 g,0 g,,,,,,,,,,,,,,,,,,,,,,,,,,,,,https://handlaprivatkund.ica.se/stores/1004181/products/l%C3%A4ttdryck-svarta-vinb%C3%A4r-koncentrat-2dl-kiviks/1023281
Bryggkaffe Intenzo 450g Zoegas,"104,00 kr","0.45kg 231,11 kr/kg",,,,,,,,,,,,,,,,,,,,,,,,,,,,,,,,,,,,,https://handlaprivatkund.ica.se/stores/1004181/products/bryggkaffe-intenzo-450g-zoegas/2151442
Lightdryck Wild raspberry Sockerfri 80cl Zeroh!,"38,90 kr","8L 4,86 kr/l exkl pant",0.7 kcal,3.2 kJ,0 g,0 g,0 g,0 g,0 g,0 g,,,,,,,,,,,,,,,,,,,,,,,,,,,,,https://handlaprivatkund.ica.se/stores/1004181/products/lightdryck-wild-raspberry-sockerfri-80cl-zeroh/2031087
Energidryck Blue edition Blåbär 25cl Red Bull,"17,90 kr","0.25L 71,60 kr/l exkl pant",46 kcal,195 kJ,0 g,0 g,11 g,11 g,0 g,0.1 g,,,,,,,2 µg,2 mg,,,8 mg,2 mg,,,,,,,,,,,,,,,,,https://handlaprivatkund.ica.se/stores/1004181/products/energidryck-blue-edition-bl%C3%A5b%C3%A4r-25cl-red-bull/1441750
Smoothie Energise 300ml Innocent,"33,90 kr","0.3L 113,00 kr/l exkl pant",,,,,,,,,,,,,,,,,,,,,,,,,,,,,,,,,,,,,https://handlaprivatkund.ica.se/stores/1004181/products/smoothie-energise-300ml-innocent/2057765
Vatten Kolsyrat Mango Grapefrukt 50cl Ramlösa,"15,90 kr","0.5L 31,80 kr/l exkl pant",,,,,,,,,4 mg,39 mg,100 mg,0.2 mg,11.5 mg,16 mg,,,,,,,,,,,,,,,,,,,,,,,https://handlaprivatkund.ica.se/stores/1004181/products/vatten-kolsyrat-mango-grapefrukt-50cl-raml%C3%B6sa/2125528
Fruktdryck Apelsin 50cl MER,"16,90 kr","0.5L 33,80 kr/l exkl pant",44 kcal,187 kJ,0 g,0 g,10.6 g,10.6 g,0 g,0 g,,,,,,,,,,,,,,,,,,,,,,,,,,,,,https://handlaprivatkund.ica.se/stores/1004181/products/fruktdryck-apelsin-50cl-mer/1129494
Tomatjuice 1l Kiviks,"38,90 kr","1L 38,90 kr/l",25 kcal,100 kJ,0.1 g,0 g,3.7 g,3.7 g,1 g,0.3 g,,,,,,,,,,,,,,,1.2 g,,,,,,,,,,,,,,https://handlaprivatkund.ica.se/stores/1004181/products/tomatjuice-1l-kiviks/1421975
Smoothie Kraft Tropiska frukter 300ml Brämhults,"36,90 kr","0.3L 123,00 kr/l exkl pant",54 kcal,230 kJ,0 g,0 g,12 g,11 g,0.7 g,0.01 g,,,,,,,,,80 mg,,,,,,1 g,,2.5 µg,,,,,,,,,,,,https://handlaprivatkund.ica.se/stores/1004181/products/smoothie-kraft-tropiska-frukter-300ml-br%C3%A4mhults/2063054
Energidryck Blue Raspberry 33cl Nocco,"26,90 kr","0.33L 81,52 kr/l exkl pant",5 kcal,21 kJ,0 g,0 g,0 g,0 g,0.9 g,0 g,,,,,,,0.76 µg,0.42 mg,,,3.9 mg,,15 µg,,0 g,30 µg,,,,,,,,,,,,,https://handlaprivatkund.ica.se/stores/1004181/products/energidryck-blue-raspberry-33cl-nocco/2140200
Fruktdryck Sunny Orange Sockerfri 1000ml Lowcaly,"29,90 kr","1L 29,90 kr/l exkl pant",6 kcal,24 kJ,0 g,0 g,0.5 g,0.5 g,0 g,0.07 g,,,,,,,0.25 µg,0.14 mg,30 mg,,1.6 mg,0.6 mg,5 µg,,,,0.5 µg,,,,,,,,,80 µg,,,https://handlaprivatkund.ica.se/stores/1004181/products/fruktdryck-sunny-orange-sockerfri-1000ml-lowcaly/2128866
Energidryck Sunny Soda 33cl Nocco,"26,90 kr","0.33L 81,52 kr/l exkl pant",4 kcal,15 kJ,0 g,0 g,0 g,0 g,0.9 g,0 g,,,,,,,0.76 µg,0.42 mg,,,3.9 mg,,15 µg,,0 g,30 µg,,,,,,,,,,,,,https://handlaprivatkund.ica.se/stores/1004181/products/energidryck-sunny-soda-33cl-nocco/2073780
"Öl 3,5% 33cl 6-p Heineken","74,00 kr","1.98L 37,37 kr/l exkl pant",29 kcal,122 kJ,,,,,,,,,,,,,,,,,,,,,,,,,,,,,,,,,,,https://handlaprivatkund.ica.se/stores/1004181/products/%C3%B6l-3-5-33cl-6-p-heineken/1397722
San Citro B 33cl Nocco,"26,90 kr","0.33L 81,52 kr/l exkl pant",5 kcal,20 kJ,0 g,0 g,0 g,0 g,0.9 g,0 g,,,,,,,0.76 µg,0.42 mg,,,3.9 mg,,15 µg,,0 g,30 µg,,,,,,,,,,,,,https://handlaprivatkund.ica.se/stores/1004181/products/san-citro-b-33cl-nocco/2134009
"Öl Lager 3,5% 33cl Heineken","15,90 kr","0.33L 48,18 kr/l exkl pant",45 kcal,190 kJ,0.5 g,0.5 g,3.9 g,0.5 g,0.5 g,0.01 g,,,,,,,,,,,,,,,,,,,,,,,,,,,,,https://handlaprivatkund.ica.se/stores/1004181/products/%C3%B6l-lager-3-5-33cl-heineken/1397578
Snabbkaffe Refill Lyx Mellanrost 200g Nescafé,"116,00 kr","0.2kg 580,00 kr/kg",,,,,,,,,,,,,,,,,,,,,,,,,,,,,,,,,,,,,https://handlaprivatkund.ica.se/stores/1004181/products/snabbkaffe-refill-lyx-mellanrost-200g-nescaf%C3%A9/1299169
Original Snabbkaffe Refill 200g Nescafé,"88,00 kr","0.2kg 440,00 kr/kg",,,,,,,,,,,,,,,,,,,,,,,,,,,,,,,,,,,,,https://handlaprivatkund.ica.se/stores/1004181/products/original-snabbkaffe-refill-200g-nescaf%C3%A9/1390869
Smoothie Vitamin Blåbär Hallon 850ml Brämhults,"62,00 kr","0.85L 72,94 kr/l exkl pant",54 kcal,226 kJ,0 g,0 g,12 g,11 g,0.6 g,0.01 g,,,,,,,,,85 mg,,,,,,1 g,,,1.8 mg,,,,,,,,,,,https://handlaprivatkund.ica.se/stores/1004181/products/smoothie-vitamin-bl%C3%A5b%C3%A4r-hallon-850ml-br%C3%A4mhults/2062854
Ice Tea Peach & Love 1l Fun Light,"38,90 kr","10L 3,89 kr/l exkl pant",1 kcal,3 kJ,0 g,0 g,0 g,0 g,0 g,0 g,,,,,,,,,,,,,,,,,,,,,,,,,,,,,https://handlaprivatkund.ica.se/stores/1004181/products/ice-tea-peach-love-1l-fun-light/2079286
Läsk Pepsi Max 50cl,"18,90 kr","0.5L 37,80 kr/l exkl pant",1 kcal,2 kJ,0 g,0 g,0 g,0 g,0 g,0.01 g,,,,,,,,,,,,,,,,,,,,,,,,,,,,,https://handlaprivatkund.ica.se/stores/1004181/products/l%C3%A4sk-pepsi-max-50cl/1001378
Juice Apelsin Ananas Ingefära Gurkmeja 850ml Brämhults,"64,00 kr","0.85L 75,29 kr/l exkl pant",41 kcal,173 kJ,0 g,0 g,9.3 g,8.9 g,0.5 g,0 g,,,,,,,,,30 mg,,,,,,,,,,,,,,,,,,,,https://handlaprivatkund.ica.se/stores/1004181/products/juice-apelsin-ananas-ingef%C3%A4ra-gurkmeja-850ml-br%C3%A4mhults/2062832
Örtte Kvällsro 25-p Friggs,"27,90 kr","25 per frp 1,12 kr/st",,,,,,,,,,,,,,,,,,,,,,,,,,,,,,,,,,,,,https://handlaprivatkund.ica.se/stores/1004181/products/%C3%B6rtte-kv%C3%A4llsro-25-p-friggs/1005606
Shot Ginger 450ml God Morgon®,"52,00 kr","0.45L 115,56 kr/l",41 kcal,173 kJ,0.5 g,0 g,9.6 g,8.8 g,0.2 g,0.01 g,,,,,,,,,40 mg,,,,,,0 g,,0.7 µg,2.5 mg,,,,,,,,,,,https://handlaprivatkund.ica.se/stores/1004181/products/shot-ginger-450ml-god-morgon/2101424
Fruktdryck Svartvinbär 1l Proviva,"43,90 kr","1L 43,90 kr/l",46 kcal,192 kJ,0.1 g,0 g,10.6 g,9.9 g,0.1 g,0.03 g,,,,,,,,,35 mg,,,,,,0.5 g,,,,,,,,,,,,,,https://handlaprivatkund.ica.se/stores/1004181/products/fruktdryck-svartvinb%C3%A4r-1l-proviva/2038975
"Läsk Coca-Cola Light 1,5l","27,90 kr","1.5L 18,60 kr/l exkl pant",0.4 kcal,1.5 kJ,0 g,0 g,0 g,0 g,0 g,0.04 g,,,,,,,,,,,,,,,,,,,,,,,,,,,,,https://handlaprivatkund.ica.se/stores/1004181/products/l%C3%A4sk-coca-cola-light-1-5l/1128698
Fruktdryck Apelsin 3-p 60cl ICA,"13,90 kr","0.6L 23,17 kr/l",,,,,,,,,,,,,,,,,,,,,,,,,,,,,,,,,,,,,https://handlaprivatkund.ica.se/stores/1004181/products/fruktdryck-apelsin-3-p-60cl-ica/2009988
"Öl 3,5% 50cl Norrlands Guld","18,90 kr","0.5L 37,80 kr/l exkl pant",33 kcal,137 kJ,,,,,,,,,,,,,,,,,,,,,,,,,,,,,,,,,,,https://handlaprivatkund.ica.se/stores/1004181/products/%C3%B6l-3-5-50cl-norrlands-guld/1397566
Energidryck Sockerfri 25cl Red Bull,"17,90 kr","0.25L 71,60 kr/l exkl pant",3 kcal,13 kJ,0 g,0 g,0 g,0 g,0 g,0.1 g,,,,,,,2 µg,2 mg,,,8 mg,2 mg,,,,,,,,,,,,,,,,,https://handlaprivatkund.ica.se/stores/1004181/products/energidryck-sockerfri-25cl-red-bull/1400368
Rooibos African spice 17-p KRAV Yogi Tea,"46,90 kr","17 per frp 2,76 kr/st",0.5 kcal,2 kJ,0.1 g,0.1 g,0.1 g,0.1 g,0.1 g,0.01 g,,,,,,,,,,,,,,,,,,,,,,,,,,,,,https://handlaprivatkund.ica.se/stores/1004181/products/rooibos-african-spice-17-p-krav-yogi-tea/1432088
Apelsinjuice Nypressad 850ml Brämhults,"60,00 kr","0.85L 70,59 kr/l exkl pant",43 kcal,182 kJ,0 g,0 g,9 g,9 g,0.7 g,0 g,,,,,,,,,45 mg,,,,,,0.7 g,,,,,,,,,,,,,,https://handlaprivatkund.ica.se/stores/1004181/products/apelsinjuice-nypressad-850ml-br%C3%A4mhults/2062845
"Öl 3,5% 50cl 6-p Burgenfels","82,00 kr","3L 27,33 kr/l exkl pant",,,,,,,,,,,,,,,,,,,,,,,,,,,,,,,,,,,,,https://handlaprivatkund.ica.se/stores/1004181/products/%C3%B6l-3-5-50cl-6-p-burgenfels/1425844
Blandsaft Jordgubb Högkoncentrerat 1l ICA,"47,90 kr","8L 5,99 kr/l exkl pant",25 kcal,106 kJ,0 g,0 g,6.2 g,6.2 g,0 g,0 g,,,,,,,,,,,,,,,,,,,,,,,,,,,,,https://handlaprivatkund.ica.se/stores/1004181/products/blandsaft-jordgubb-h%C3%B6gkoncentrerat-1l-ica/1521370
Chokladdryckspulver Original 450g O'boy,"42,90 kr","0.45kg 95,33 kr/kg",379 kcal,1605 kJ,2.6 g,1.2 g,82 g,80 g,3.9 g,0.48 g,,,,,,,,,,,,,,,5.7 g,,,,,,,,,,,,,,https://handlaprivatkund.ica.se/stores/1004181/products/chokladdryckspulver-original-450g-o-boy/2053708
Smoothie Berry Antioxidant 300ml Innocent,"33,90 kr","0.3L 113,00 kr/l",197 kcal,47 kJ,0.5 g,0.1 g,11 g,9.1 g,0.5 g,0.01 g,,,,,,,,0.36 mg,15 mg,0.38 mg,4 mg,,,,1.3 g,,,3.4 mg,,,,,,,,,0.32 mg,,https://handlaprivatkund.ica.se/stores/1004181/products/smoothie-berry-antioxidant-300ml-innocent/2101426
Rooibos te Blåbär 20-p Friggs,"27,90 kr","20 per frp 1,40 kr/st",,,,,,,,,,,,,,,,,,,,,,,,,,,,,,,,,,,,,https://handlaprivatkund.ica.se/stores/1004181/products/rooibos-te-bl%C3%A5b%C3%A4r-20-p-friggs/1323030
Fruktdryck Mango 1l Rubicon,"32,90 kr","1L 32,90 kr/l",61 kcal,258 kJ,0.5 g,0.5 g,13 g,13 g,0.5 g,0.01 g,,,,,,,,,30 mg,,,,,,,,,,,,,,,,,,,,https://handlaprivatkund.ica.se/stores/1004181/products/fruktdryck-mango-1l-rubicon/2025688
Juice Jordgubb Lime 850ml Brämhults,"54,00 kr","0.85L 63,53 kr/l exkl pant",40 kcal,167 kJ,0 g,0 g,9.3 g,9.3 g,0 g,0 g,,,,,,,,,,,,,,,,,,,,,,,,,,,,,https://handlaprivatkund.ica.se/stores/1004181/products/juice-jordgubb-lime-850ml-br%C3%A4mhults/2062831
Vatten Kolsyrad Naturell 150cl ICA,"11,90 kr","1.5L 7,93 kr/l exkl pant",,,,,,,,,5 mg,49 mg,65 mg,1.3 mg,15 mg,21 mg,,,,,,,,,,,,,,,,,,,,,,,https://handlaprivatkund.ica.se/stores/1004181/products/vatten-kolsyrad-naturell-150cl-ica/2023843
Bryggkaffe Mollbergs blandning 450g Zoegas,"113,00 kr","0.45kg 251,11 kr/kg",,,,,,,,,,,,,,,,,,,,,,,,,,,,,,,,,,,,,https://handlaprivatkund.ica.se/stores/1004181/products/bryggkaffe-mollbergs-blandning-450g-zoegas/1499277
Kombucha Äpple 330ml Humm,"31,90 kr","0.33L 96,67 kr/l exkl pant",18 kcal,75 kJ,0 g,0 g,5 g,3 g,0 g,0 g,,,,,,,,,,,,,,,,,,,,,,,,,,,,,https://handlaprivatkund.ica.se/stores/1004181/products/kombucha-%C3%A4pple-330ml-humm/2118391
Energidryck Summer Edition Aprikos och jordgubbssmak 25cl Red Bull,"17,90 kr","0.25L 71,60 kr/l exkl pant",45 kcal,191 kJ,0 g,0 g,11 g,11 g,0 g,0.1 g,,,,,,,2 µg,2 mg,,,8 mg,2 mg,,,,,,,,,,,,,,,,,https://handlaprivatkund.ica.se/stores/1004181/products/energidryck-summer-edition-aprikos-och-jordgubbssmak-25cl-red-bull/2094099
Läsk Mixers Indian Tonic 50cl Schweppes,"18,90 kr","0.5L 37,80 kr/l exkl pant",19 kcal,82 kJ,0 g,0 g,4.4 g,4.4 g,0 g,0.01 g,,,,,,,,,,,,,,,,,,,,,,,,,,,,,https://handlaprivatkund.ica.se/stores/1004181/products/l%C3%A4sk-mixers-indian-tonic-50cl-schweppes/2149406
Energidryck Caribbean 33cl Nocco,"26,90 kr","0.33L 81,52 kr/l exkl pant",4 kcal,15 kJ,0 g,0 g,0 g,0 g,0.9 g,0 g,,,,,,,0.8 µg,0.42 mg,,,3.9 mg,,15 µg,,0 g,30 µg,1.5 µg,,,,,,,,,,,,https://handlaprivatkund.ica.se/stores/1004181/products/energidryck-caribbean-33cl-nocco/1531729
"Energidryck White peach 35,5cl Celsius","27,90 kr","0.355L 78,59 kr/l exkl pant",1 kcal,4 kJ,0 g,0 g,0 g,0 g,0 g,0.08 g,,,,,,,1.7 µg,0.6 mg,17 mg,0.5 mg,5.6 mg,2.8 mg,85 µg,14 µg,0.5 g,,,,,,,,,,,,,,https://handlaprivatkund.ica.se/stores/1004181/products/energidryck-white-peach-35-5cl-celsius/2031078
Läsk Zero 50cl Trocadero,"18,90 kr","0.5L 37,80 kr/l exkl pant",2 kcal,7 kJ,0 g,0 g,0 g,0 g,0 g,0 g,,,,,,,,,,,,,,,,,,,,,,,,,,,,,https://handlaprivatkund.ica.se/stores/1004181/products/l%C3%A4sk-zero-50cl-trocadero/2024826
Energidryck Norrland 33cl Latitude 65,"24,90 kr","0.33L 75,45 kr/l exkl pant",1 kcal,4 kJ,0 g,0 g,0 g,0 g,0 g,0 g,,,,,,,,0.4 mg,,,1.2 mg,,15.2 µg,,,151.5 µg,,,,,,,,,,,,,https://handlaprivatkund.ica.se/stores/1004181/products/energidryck-norrland-33cl-latitude-65/2110559
Sportdryck Mountain Blast 50cl Powerade,"25,90 kr","0.5L 51,80 kr/l exkl pant",1 kcal,6 kJ,0 g,0 g,0 g,0 g,0 g,0.13 g,,,,,,,,,,,,,,,,,,,,,,,,,,,,,https://handlaprivatkund.ica.se/stores/1004181/products/sportdryck-mountain-blast-50cl-powerade/2131498
Snabbkaffe 200g ICA Basic,"64,00 kr","0.2kg 320,00 kr/kg",,,,,,,,,,,,,,,,,,,,,,,,,,,,,,,,,,,,,https://handlaprivatkund.ica.se/stores/1004181/products/snabbkaffe-200g-ica-basic/1411264
Earl grey te 200g Twinings,"74,00 kr","0.2kg 370,00 kr/kg",,,,,,,,,,,,,,,,,,,,,,,,,,,,,,,,,,,,,https://handlaprivatkund.ica.se/stores/1004181/products/earl-grey-te-200g-twinings/1305890
Lättdryck Björnbär & hallon Koncentrat 2dl BOB,"11,90 kr","1L 11,90 kr/l drickklar",30 kcal,110 kJ,0 g,0 g,6.5 g,6.4 g,0 g,0 g,,,,,,,,,12 mg,,,,,,,,,,,,,,,,,,,,https://handlaprivatkund.ica.se/stores/1004181/products/l%C3%A4ttdryck-bj%C3%B6rnb%C3%A4r-hallon-koncentrat-2dl-bob/1128041
Premium Bryggkaffe 450g Lindvalls,"94,00 kr","0.45kg 208,89 kr/kg",,,,,,,,,,,,,,,,,,,,,,,,,,,,,,,,,,,,,https://handlaprivatkund.ica.se/stores/1004181/products/premium-bryggkaffe-450g-lindvalls/1518315
Läskedryck Cherry Zero Sugar 50cl Coca-Cola,"19,90 kr","0.5L 39,80 kr/l exkl pant",0.4 kcal,1.5 kJ,0 g,0 g,0 g,0 g,0 g,0.01 g,,,,,,,,,,,,,,,,,,,,,,,,,,,,,https://handlaprivatkund.ica.se/stores/1004181/products/l%C3%A4skedryck-cherry-zero-sugar-50cl-coca-cola/2150777
Läsk Coca-Cola 33cl,"13,90 kr","0.33L 42,12 kr/l exkl pant",42 kcal,180 kJ,0 g,0 g,10.6 g,10.6 g,0 g,0 g,,,,,,,,,,,,,,,,,,,,,,,,,,,,,https://handlaprivatkund.ica.se/stores/1004181/products/l%C3%A4sk-coca-cola-33cl/2037218
Lättdryck Lingon & tranbär Koncentrat 2dl BOB,"11,90 kr","1L 11,90 kr/l drickklar",30 kcal,120 kJ,0 g,0 g,6.7 g,6.6 g,0 g,0 g,,,,,,,,,12 mg,,,,,,,,,,,,,,,,,,,,https://handlaprivatkund.ica.se/stores/1004181/products/l%C3%A4ttdryck-lingon-tranb%C3%A4r-koncentrat-2dl-bob/1300059
Vätskeersättning Apelsinsmak Brustablett 90g 20-p Resorb,"70,00 kr","20 per frp 3,50 kr/st",,,,,6.4 g,6.2 g,,,170 mg,190 mg,,,,180 mg,,,,,,,,,,,,,,,,,,,,,,1.6 g,https://handlaprivatkund.ica.se/stores/1004181/products/v%C3%A4tskeers%C3%A4ttning-apelsinsmak-brustablett-90g-20-p-resorb/1388708
Örtte Lakritstäppa 17-Pack Arvid Nordquist,"39,90 kr","17 per frp 2,35 kr/st",,,,,,,,,,,,,,,,,,,,,,,,,,,,,,,,,,,,,https://handlaprivatkund.ica.se/stores/1004181/products/%C3%B6rtte-lakritst%C3%A4ppa-17-pack-arvid-nordquist/2151466
Smoothie Hallon Jordgubb & blåbär 1l Bravo,"49,90 kr","1L 49,90 kr/l",50 kcal,200 kJ,0 g,0 g,10 g,9.9 g,0.6 g,0 g,,,,,,,,,,,,,,,0.9 g,,,,,,,,,,,,,,https://handlaprivatkund.ica.se/stores/1004181/products/smoothie-hallon-jordgubb-bl%C3%A5b%C3%A4r-1l-bravo/2000622
Fruktdryck Guanabana & ananas 50cl Festis,"17,90 kr","0.5L 35,80 kr/l exkl pant",30 kcal,127 kJ,0 g,0 g,7.1 g,7.1 g,0 g,0 g,,,,,,,,,,,,,,,,,,,,,,,,,,,,,https://handlaprivatkund.ica.se/stores/1004181/products/fruktdryck-guanabana-ananas-50cl-festis/1467531
Energidryck Lilac Edition 25cl Red Bull,"17,90 kr","0.25L 71,60 kr/l exkl pant",45 kcal,192 kJ,0 g,0 g,11 g,11 g,0 g,0.1 g,,,,,,,2 µg,2 mg,,,8 mg,2 mg,,,,,,,,,,,,,,,,,https://handlaprivatkund.ica.se/stores/1004181/products/energidryck-lilac-edition-25cl-red-bull/2155249
Vatten Kolsyrad Naturell 50cl ICA,"10,90 kr","0.5L 21,80 kr/l exkl pant",,,,,,,,,5 mg,49 mg,65 mg,1.3 mg,15 mg,21 mg,,,,,,,,,,,,,,,,,,,,,,,https://handlaprivatkund.ica.se/stores/1004181/products/vatten-kolsyrad-naturell-50cl-ica/2023851
Energidryck Ultra 50cl Monster Energy,"21,90 kr","0.5L 43,80 kr/l exkl pant",2 kcal,10 kJ,0 g,0 g,0.9 g,0 g,0 g,0.2 g,,,,,,,2.5 µg,0.8 mg,,,8.5 mg,4.2 mg,,,,,,,,,,,,,,,,,https://handlaprivatkund.ica.se/stores/1004181/products/energidryck-ultra-50cl-monster-energy/1501180
"Shot Ingefära & gurkmeja 0,5l Rynkeby","58,00 kr","0.5L 116,00 kr/l",70 kcal,297 kJ,0.5 g,0 g,12 g,12 g,0.7 g,0 g,,,,,,,,,40 g,,,,,,,,,,,,,,,,,,,,https://handlaprivatkund.ica.se/stores/1004181/products/shot-ingef%C3%A4ra-gurkmeja-0-5l-rynkeby/2004092
Fruktdryck Äpple 1000 ml Bravo,"26,90 kr","1L 26,90 kr/l",32 kcal,135 kJ,0 g,0 g,7.7 g,7.3 g,0 g,0 g,,,,,,,,,12 mg,,,,,,,,,,,,,,,,,,,,https://handlaprivatkund.ica.se/stores/1004181/products/fruktdryck-%C3%A4pple-1000-ml-bravo/2151621
Läsk Cola 150cl ICA,"19,90 kr","1.5L 13,27 kr/l exkl pant",0 kcal,0 kJ,0 g,0 g,0 g,0 g,0 g,0 g,,,,,,,,,,,,,,,,,,,,,,,,,,,,,https://handlaprivatkund.ica.se/stores/1004181/products/l%C3%A4sk-cola-150cl-ica/1467271
Aloe vera dryck Mango 50cl Nobe,"26,90 kr","0.5L 53,80 kr/l exkl pant",33 kcal,136 kJ,0 g,0 g,8 g,7.5 g,0 g,0.02 g,,,,,,,,,,,,,,,,,,,,,,,,,,,,,https://handlaprivatkund.ica.se/stores/1004181/products/aloe-vera-dryck-mango-50cl-nobe/1463717
Energidryck Summer Edition 25cl Red Bull,"17,90 kr","0.25L 71,60 kr/l exkl pant",45 kcal,191 kJ,0 g,0 g,11 g,11 g,0 g,0.1 g,,,,,,,2 µg,2 mg,,,8 mg,2 mg,,,,,,,,,,,,,,,,,https://handlaprivatkund.ica.se/stores/1004181/products/energidryck-summer-edition-25cl-red-bull/2110569
Söderblom te 20-p ICA,"17,90 kr","20 per frp 0,90 kr/st",,,,,,,,,,,,,,,,,,,,,,,,,,,,,,,,,,,,,https://handlaprivatkund.ica.se/stores/1004181/products/s%C3%B6derblom-te-20-p-ica/1455496
"Öl 3,5% 50cl 6-p Mariestads","98,00 kr","3L 32,67 kr/l exkl pant",37 kcal,154 kJ,,,,,,,,,,,,,,,,,,,,,,,,,,,,,,,,,,,https://handlaprivatkund.ica.se/stores/1004181/products/%C3%B6l-3-5-50cl-6-p-mariestads/1477598
Fruktdryck Hallon Granatäpple 1l Proviva,"43,90 kr","1L 43,90 kr/l",39 kcal,166 kJ,0.2 g,0 g,9.1 g,8.4 g,0.4 g,0.03 g,,,,,,,,,35 mg,,,,,,0.5 g,,,,,,,,,,,,,,https://handlaprivatkund.ica.se/stores/1004181/products/fruktdryck-hallon-granat%C3%A4pple-1l-proviva/2038954
Bryggkaffe Hazienda 450g KRAV Zoegas,"125,00 kr","0.45kg 277,78 kr/kg",,,,,,,,,,,,,,,,,,,,,,,,,,,,,,,,,,,,,https://handlaprivatkund.ica.se/stores/1004181/products/bryggkaffe-hazienda-450g-krav-zoegas/1499290
Fruktdryck Hallon Björnbär Utan tillsatt socker 1l ProViva,"44,90 kr","1L 44,90 kr/l",22 kcal,92 kJ,0.1 g,0 g,5.1 g,4.2 g,0.2 g,0.03 g,,,,,,,,,35 mg,,,,,,0.5 g,,,,,,,,,,,,,,https://handlaprivatkund.ica.se/stores/1004181/products/fruktdryck-hallon-bj%C3%B6rnb%C3%A4r-utan-tillsatt-socker-1l-proviva/1447544
Lightdryck Citron lime Sockerfri 80cl Zeroh!,"38,90 kr","8L 4,86 kr/l exkl pant",0.8 kcal,3.4 kJ,0 g,0 g,0 g,0 g,0 g,0 g,,,,,,,,,,,,,,,,,,,,,,,,,,,,,https://handlaprivatkund.ica.se/stores/1004181/products/lightdryck-citron-lime-sockerfri-80cl-zeroh/2017083
Juice Apelsin 1l God Morgon®,"43,90 kr","1L 43,90 kr/l",43 kcal,183 kJ,0.5 g,0 g,8.8 g,8.8 g,0.7 g,0 g,,,,,,,,,20 mg,,,,,,,,,,,,,,,,,,,,https://handlaprivatkund.ica.se/stores/1004181/products/juice-apelsin-1l-god-morgon/1201853
Läsk Tonic Granskott Ekologisk 20cl Ekobryggeriet,"22,90 kr","0.2L 114,50 kr/l",38 kcal,161 kJ,0.5 g,0.5 g,9 g,9 g,0.5 g,0.01 g,,,,,,,,,,,,,,,,,,,,,,,,,,,,,https://handlaprivatkund.ica.se/stores/1004181/products/l%C3%A4sk-tonic-granskott-ekologisk-20cl-ekobryggeriet/2010742
Snabbkaffe Ice Coffee Frappe 112 Gram Nescafe,"36,90 kr","0.112kg 329,46 kr/kg",370 kcal,1572 kJ,0.5 g,0.1 g,90.1 g,89.7 g,0.7 g,0.48 g,,,,,,,,,,,,,,,3.3 g,,,,,,,,,,,,,,https://handlaprivatkund.ica.se/stores/1004181/products/snabbkaffe-ice-coffee-frappe-112-gram-nescafe/2151421
"Öl 2,8% 50cl Norrlands Guld","10,90 kr","0.5L 21,80 kr/l exkl pant",,,,,,,,,,,,,,,,,,,,,,,,,,,,,,,,,,,,,https://handlaprivatkund.ica.se/stores/1004181/products/%C3%B6l-2-8-50cl-norrlands-guld/1397556
"Energidryck Sockerfri 47,3cl Red Bull","30,90 kr","0.473L 65,33 kr/l exkl pant",3 kcal,13 kJ,0 g,0 g,0 g,0 g,0 g,0.1 g,,,,,,,2 µg,2 mg,,,8 mg,2 mg,,,,,,,,,,,,,,,,,https://handlaprivatkund.ica.se/stores/1004181/products/energidryck-sockerfri-47-3cl-red-bull/1422042
Dryck Prepare 50cl Vitamin Well,"26,90 kr","0.5L 53,80 kr/l exkl pant",16 kcal,66 kJ,0 g,0 g,3.9 g,3.9 g,0 g,0.03 g,,,,,11.3 mg,,0.25 µg,,,,1.6 mg,0.48 mg,5 µg,,0 g,40 µg,1.5 µg,1.4 mg,5 µg,0.9 mg,,,,,,,,,https://handlaprivatkund.ica.se/stores/1004181/products/dryck-prepare-50cl-vitamin-well/2110667
Energidryck Orange Rush 35.5cl Celsius,"27,90 kr","0.355L 78,59 kr/l exkl pant",3.4 kcal,15 kJ,0 g,0 g,0 g,0 g,0 g,0 g,,,14 mg,,,,1.7 µg,0.6 mg,17 mg,0.5 mg,5.6 mg,2.8 mg,85 µg,14 µg,,,,,,,,,,,,,,,https://handlaprivatkund.ica.se/stores/1004181/products/energidryck-orange-rush-35-5cl-celsius/2125446
Bryggkaffe Mellanrost 450g Gevalia,"98,00 kr","0.45kg 217,78 kr/kg",,,,,,,,,,,,,,,,,,,,,,,,,,,,,,,,,,,,,https://handlaprivatkund.ica.se/stores/1004181/products/bryggkaffe-mellanrost-450g-gevalia/1528809
Vatten Kolsyrad Citrus 50cl Ramlösa,"15,90 kr","0.5L 31,80 kr/l exkl pant",,,,,,,,,2 mg,16 mg,3.5 mg,2.3 mg,0.8 mg,210 mg,,,,,,,,,,,,,,,,,,,,,,,https://handlaprivatkund.ica.se/stores/1004181/products/vatten-kolsyrad-citrus-50cl-raml%C3%B6sa/1511490
Juice Sommar Äpple Fläder 1000ml Bravo,"32,90 kr","1L 32,90 kr/l",45 kcal,180 kJ,0 g,0 g,9.5 g,9.5 g,0 g,0 g,,,,,,,,,,,,,,,,,,,,,,,,,,,,,https://handlaprivatkund.ica.se/stores/1004181/products/juice-sommar-%C3%A4pple-fl%C3%A4der-1000ml-bravo/2128876
Energidryck 25cl Euroshopper,"9,90 kr","0.25L 39,60 kr/l exkl pant",18 kcal,78 kJ,0 g,0 g,4 g,4 g,0 g,0.15 g,,,,,,,1 µg,0.56 mg,,0.56 mg,6.4 mg,2.4 mg,,,0 g,,,,,,,,,,,,,,https://handlaprivatkund.ica.se/stores/1004181/products/energidryck-25cl-euroshopper/2095161
"Vatten Kolsyrad Citron 1,5l ICA","11,90 kr","1.5L 7,93 kr/l exkl pant",,,,,,,,,5 mg,49 mg,65 mg,1.3 mg,15 mg,21 mg,,,,,,,,,,,,,,,,,,,,,,,https://handlaprivatkund.ica.se/stores/1004181/products/vatten-kolsyrad-citron-1-5l-ica/2023849
"Äppeldryck med ciderkaraktär 1,5l ICA","19,90 kr","1.5L 13,27 kr/l exkl pant",,,,,,,,,,,,,,,,,,,,,,,,,,,,,,,,,,,,,https://handlaprivatkund.ica.se/stores/1004181/products/%C3%A4ppeldryck-med-ciderkarakt%C3%A4r-1-5l-ica/1467263
Elevate 50cl Vitamin Well,"26,90 kr","0.5L 53,80 kr/l exkl pant",16 kcal,66 kJ,0 g,0 g,3.9 g,3.9 g,0 g,0.03 g,,,,,11.3 mg,,0.25 µg,,,,1.6 mg,0.48 mg,5 µg,,0 g,40 µg,1.5 µg,1.4 mg,5 µg,0.9 mg,,,,,,,,,https://handlaprivatkund.ica.se/stores/1004181/products/elevate-50cl-vitamin-well/2094024
"Läsk 1,5l Coca-Cola","27,90 kr","1.5L 18,60 kr/l exkl pant",42 kcal,180 kJ,0 g,0 g,10.6 g,10.6 g,0 g,0 g,,,,,,,,,,,,,,,,,,,,,,,,,,,,,https://handlaprivatkund.ica.se/stores/1004181/products/l%C3%A4sk-1-5l-coca-cola/1264352
"Öl 3,5% 44cl Guinness","29,90 kr","0.44L 67,95 kr/l exkl pant",,,,,,,,,,,,,,,,,,,,,,,,,,,,,,,,,,,,,https://handlaprivatkund.ica.se/stores/1004181/products/%C3%B6l-3-5-44cl-guinness/1399565
Vatten Kolsyrad Original 50cl Ramlösa,"15,90 kr","0.5L 31,80 kr/l exkl pant",,,,,,,,,2 mg,16 mg,3.5 mg,2.3 mg,0.8 mg,210 mg,,,,,,,,,,,,,,,,,,,,,,,https://handlaprivatkund.ica.se/stores/1004181/products/vatten-kolsyrad-original-50cl-raml%C3%B6sa/1511573
Juice Apelsin Äpple & Mandarin 2l Bravo,"53,00 kr","2L 26,50 kr/l",45 kcal,180 kJ,0 g,0 g,9 g,9 g,0 g,0 g,,,,,,,,,40 mg,,,,,,0.3 g,,,,,,,,,,,,,,https://handlaprivatkund.ica.se/stores/1004181/products/juice-apelsin-%C3%A4pple-mandarin-2l-bravo/1364759
Vätskeersättning Skogsbär 90g Resorb,"70,00 kr","0.09kg 777,78 kr/kg",,,,,6.4 g,6.2 g,,,170 mg,190 mg,,,,180 mg,,,,,,,,,,,,,,,,,,,,,,,https://handlaprivatkund.ica.se/stores/1004181/products/v%C3%A4tskeers%C3%A4ttning-skogsb%C3%A4r-90g-resorb/2100665
Fruktdryck Mandarin 1000ml Bravo,"26,90 kr","1L 26,90 kr/l",32 kcal,136 kJ,0 g,0 g,7.6 g,7.4 g,0 g,0 g,,,,,,,,,12 mg,,,,,,,,,,,,,,,,,,,,https://handlaprivatkund.ica.se/stores/1004181/products/fruktdryck-mandarin-1000ml-bravo/2151623
"Läsk 1,5l Trocadero","24,90 kr","1.5L 16,60 kr/l exkl pant",40 kcal,170 kJ,0 g,0 g,9.6 g,9.5 g,0 g,0 g,,,,,,,,,,,,,,,,,,,,,,,,,,,,,https://handlaprivatkund.ica.se/stores/1004181/products/l%C3%A4sk-1-5l-trocadero/1314166
Öl Alkoholfri 33cl Norrlands Guld,"10,90 kr","0.33L 33,03 kr/l exkl pant",,,,,,,,,,,,,,,,,,,,,,,,,,,,,,,,,,,,,https://handlaprivatkund.ica.se/stores/1004181/products/%C3%B6l-alkoholfri-33cl-norrlands-guld/1490938
Läsk Pepsi Max Lime 50cl Pepsi,"18,90 kr","0.5L 37,80 kr/l exkl pant",1 kcal,3 kJ,0 g,0 g,0 g,0 g,0 g,0.03 g,,,,,,,,,,,,,,,,,,,,,,,,,,,,,https://handlaprivatkund.ica.se/stores/1004181/products/l%C3%A4sk-pepsi-max-lime-50cl-pepsi/2017016
Te Earl grey 100-p Twinings,"121,00 kr","100 per frp 1,21 kr/st",,,,,,,,,,,,,,,,,,,,,,,,,,,,,,,,,,,,,https://handlaprivatkund.ica.se/stores/1004181/products/te-earl-grey-100-p-twinings/1487042
Energidryck Havet 33cl Latitude 65,"24,90 kr","0.33L 75,45 kr/l exkl pant",1 kcal,4 kJ,0 g,0 g,0 g,0 g,0 g,0 g,,,,,,,,0.4 mg,,,1.2 mg,,15.2 µg,,,151.5 µg,,,,,,,,,,,,,https://handlaprivatkund.ica.se/stores/1004181/products/energidryck-havet-33cl-latitude-65/2140203
Svarta vinbär måltidsdryck 2dl ICA,"8,90 kr","1L 8,90 kr/l drickklar",,,,,,,,,,,,,,,,,,,,,,,,,,,,,,,,,,,,,https://handlaprivatkund.ica.se/stores/1004181/products/svarta-vinb%C3%A4r-m%C3%A5ltidsdryck-2dl-ica/1514891
Madame grey Svart te med bergamott & apelsin Ekologisk 20-p ICA I love eco,"26,90 kr","20 per frp 1,35 kr/st",,,,,,,,,,,,,,,,,,,,,,,,,,,,,,,,,,,,,https://handlaprivatkund.ica.se/stores/1004181/products/madame-grey-svart-te-med-bergamott-apelsin-ekologisk-20-p-ica-i-love-eco/1499508
"Öl 2,8% 50cl 6-p Burgenfels Öl","41,90 kr","3L 13,97 kr/l exkl pant",,,,,,,,,,,,,,,,,,,,,,,,,,,,,,,,,,,,,https://handlaprivatkund.ica.se/stores/1004181/products/%C3%B6l-2-8-50cl-6-p-burgenfels-%C3%B6l/1425847
Kaffe Espresso Azera 100g Nescafé,"113,00 kr","0.1kg 1 130,00 kr/kg",,,,,,,,,,,,,,,,,,,,,,,,,,,,,,,,,,,,,https://handlaprivatkund.ica.se/stores/1004181/products/kaffe-espresso-azera-100g-nescaf%C3%A9/2003208
Rosévin Alkoholfri 75cl Carl Jung,"72,00 kr","0.75L 96,00 kr/l",,,,,,,,,,,,,,,,,,,,,,,,,,,,,,,,,,,,,https://handlaprivatkund.ica.se/stores/1004181/products/ros%C3%A9vin-alkoholfri-75cl-carl-jung/1403055
Bryggkaffe Svea 500g Arvid Nordquist Classic,"103,00 kr","0.5kg 206,00 kr/kg",,,,,,,,,,,,,,,,,,,,,,,,,,,,,,,,,,,,,https://handlaprivatkund.ica.se/stores/1004181/products/bryggkaffe-svea-500g-arvid-nordquist-classic/1004394
Snabbkaffe Lyx Mellanrost 200g Nescafé,"159,00 kr","0.2kg 795,00 kr/kg",,,,,,,,,,,,,,,,,,,,,,,,,,,,,,,,,,,,,https://handlaprivatkund.ica.se/stores/1004181/products/snabbkaffe-lyx-mellanrost-200g-nescaf%C3%A9/2012630
Smoothie Fokus Äpple Päron Lime 300ml Brämhults,"36,90 kr","0.3L 123,00 kr/l exkl pant",47 kcal,197 kJ,0 g,0 g,11 g,10 g,0 g,0 g,,,,,30 mg,,0.22 µg,0.13 mg,,,,,,,0.4 g,27 µg,,,,,,,,,,,,,https://handlaprivatkund.ica.se/stores/1004181/products/smoothie-fokus-%C3%A4pple-p%C3%A4ron-lime-300ml-br%C3%A4mhults/2091913
Vatten Kolsyrad Citron 50cl Loka,"15,90 kr","0.5L 31,80 kr/l exkl pant",0 kcal,0 kJ,0 g,0 g,0 g,0 g,0 g,0.04 g,,,,,,,,,,,,,,,,,,,,,,,,,,,,,https://handlaprivatkund.ica.se/stores/1004181/products/vatten-kolsyrad-citron-50cl-loka/1004434
Fruktdryck Äpple Apelsin Jordgubb 850ml God Morgon®,"47,90 kr","0.85L 56,35 kr/l exkl pant",42 kcal,177 kJ,0 g,0 g,9.8 g,9 g,0 g,0 g,,,,,,,,,,,,,,,,,,,,,,,,,,,,,https://handlaprivatkund.ica.se/stores/1004181/products/fruktdryck-%C3%A4pple-apelsin-jordgubb-850ml-god-morgon/2151836
"Vatten Kolsyrad Päron 1,5l Loka","15,90 kr","1.5L 10,60 kr/l exkl pant",0 kcal,0 kJ,0 g,0 g,0 g,0 g,0 g,0.04 g,,,,,,,,,,,,,,,,,,,,,,,,,,,,,https://handlaprivatkund.ica.se/stores/1004181/products/vatten-kolsyrad-p%C3%A4ron-1-5l-loka/1314178
Lättdryck Äppel Koncentrat 2dl BOB,"11,90 kr","1L 11,90 kr/l drickklar",30 kcal,120 kJ,0 g,0 g,6.9 g,6.5 g,0 g,0 g,,,,,,,,,12 mg,,,,,,,,,,,,,,,,,,,,https://handlaprivatkund.ica.se/stores/1004181/products/l%C3%A4ttdryck-%C3%A4ppel-koncentrat-2dl-bob/1023248
Kaffe Wanyama 500g Arvid Nordquist Classic,"103,00 kr","0.5kg 206,00 kr/kg",,,,,,,,,,,,,,,,,,,,,,,,,,,,,,,,,,,,,https://handlaprivatkund.ica.se/stores/1004181/products/kaffe-wanyama-500g-arvid-nordquist-classic/1499208
Frukostjuice Äpple Rabarber Jordgubb Ekologisk 850ml God Morgon®,"43,90 kr","0.85L 51,65 kr/l exkl pant",44 kcal,185 kJ,0 g,0 g,10 g,9.7 g,0 g,0 g,,,,,,,,,,,,,,,,,,,,,,,,,,,,,https://handlaprivatkund.ica.se/stores/1004181/products/frukostjuice-%C3%A4pple-rabarber-jordgubb-ekologisk-850ml-god-morgon/2107371
Saft light Passion Rhubarb 1l Fun Light,"38,90 kr","10L 3,89 kr/l exkl pant",1 kcal,4 kJ,0 g,0 g,0 g,0 g,0 g,0 g,,,,,,,,,,,,,,,,,,,,,,,,,,,,,https://handlaprivatkund.ica.se/stores/1004181/products/saft-light-passion-rhubarb-1l-fun-light/2150532
Grönt te Earl Grey 25-p Twinings,"43,90 kr","25 per frp 1,76 kr/st",,,,,,,,,,,,,,,,,,,,,,,,,,,,,,,,,,,,,https://handlaprivatkund.ica.se/stores/1004181/products/gr%C3%B6nt-te-earl-grey-25-p-twinings/1508111
"Öl 2,8% 50cl Pripps Blå","9,90 kr","0.5L 19,80 kr/l exkl pant",28 kcal,119 kJ,0 g,0 g,3 g,0 g,0.3 g,0 g,,,,,,,,,,,,,,,,,,,,,,,,,,,,,https://handlaprivatkund.ica.se/stores/1004181/products/%C3%B6l-2-8-50cl-pripps-bl%C3%A5/1399571
"Öl Bayersk 2,8% 50cl 6-p Falcon","53,00 kr","3L 17,67 kr/l exkl pant",28 kcal,119 kJ,0 g,0 g,3 g,0 g,0.3 g,0 g,,,,,,,,,,,,,,,,,,,,,,,,,,,,,https://handlaprivatkund.ica.se/stores/1004181/products/%C3%B6l-bayersk-2-8-50cl-6-p-falcon/1397707
"Öl Sir Taste a Lot 3,5% 6-pack Brutal Brewing","77,00 kr","1.98L 38,89 kr/l exkl pant",38 kcal,158 kJ,,,,,,,,,,,,,,,,,,,,,,,,,,,,,,,,,,,https://handlaprivatkund.ica.se/stores/1004181/products/%C3%B6l-sir-taste-a-lot-3-5-6-pack-brutal-brewing/2110695
Mineralvatten 6-p 50cl San Pellegrino,"82,00 kr","3L 27,33 kr/l exkl pant",,,,,,,,,,,,,,,,,,,,,,,,,,,,,,,,,,,,,https://handlaprivatkund.ica.se/stores/1004181/products/mineralvatten-6-p-50cl-san-pellegrino/1473277
Energidryck Cosmic Vibe 355ml Celsius,"27,90 kr","0.355L 78,59 kr/l exkl pant",4 kcal,17 kJ,0 g,0 g,0 g,0 g,0 g,0 g,,,14 mg,,,,1.7 µg,0.6 mg,17 mg,0.5 mg,5.6 mg,2.8 mg,85 µg,14 µg,,,,,,,,,,,,,,,https://handlaprivatkund.ica.se/stores/1004181/products/energidryck-cosmic-vibe-355ml-celsius/2140202
Iskaffe Macchiato Sojabaserad 1l Alpro,"37,90 kr","1L 37,90 kr/l",61 kcal,257 kJ,1.7 g,0.3 g,8.2 g,6.2 g,3 g,0.14 g,,,120 mg,,,,0.38 µg,,,0.21 mg,,,,,0.5 g,,0.75 µg,,,,,,,,,,,,https://handlaprivatkund.ica.se/stores/1004181/products/iskaffe-macchiato-sojabaserad-1l-alpro/2112741
"Juice Apelsin 1,75l God Morgon®","73,00 kr","1.75L 41,71 kr/l",43 kcal,183 kJ,0.5 g,0 g,8.8 g,8.8 g,0.7 g,0 g,,,,,,,,,20 mg,,,,,,,,,,,,,,,,,,,,https://handlaprivatkund.ica.se/stores/1004181/products/juice-apelsin-1-75l-god-morgon/1403553
Grönt te Citron 25-p Twinings,"43,90 kr","25 per frp 1,76 kr/st",,,,,,,,,,,,,,,,,,,,,,,,,,,,,,,,,,,,,https://handlaprivatkund.ica.se/stores/1004181/products/gr%C3%B6nt-te-citron-25-p-twinings/1508110
Läsk Päronsoda 150cl ICA,"19,90 kr","1.5L 13,27 kr/l exkl pant",30 kcal,120 kJ,0 g,0 g,6.9 g,6.9 g,0 g,0 g,,,,,,,,,,,,,,,,,,,,,,,,,,,,,https://handlaprivatkund.ica.se/stores/1004181/products/l%C3%A4sk-p%C3%A4ronsoda-150cl-ica/1467274
"Hazelnut Kaffesmaksättare 37,5cl Saturnus 1893","39,90 kr","0.375L 106,40 kr/l",250 kcal,1050 kJ,0.5 g,0.5 g,61.5 g,61.5 g,0.5 g,0 g,,,,,,,,,,,,,,,,,,,,,,,,,,,,,https://handlaprivatkund.ica.se/stores/1004181/products/hazelnut-kaffesmaks%C3%A4ttare-37-5cl-saturnus-1893/1520067
"Kaffefilter Nummer 2, 200p ICA Basic","25,90 kr","200 per frp 0,13 kr/st",,,,,,,,,,,,,,,,,,,,,,,,,,,,,,,,,,,,,https://handlaprivatkund.ica.se/stores/1004181/products/kaffefilter-nummer-2-200p-ica-basic/2115937
Aloe vera dryck Original 50cl Nobe,"26,90 kr","0.5L 53,80 kr/l exkl pant",33 kcal,136 kJ,0 g,0 g,8 g,7.5 g,0 g,0.02 g,,,,,,,,,,,,,,,,,,,,,,,,,,,,,https://handlaprivatkund.ica.se/stores/1004181/products/aloe-vera-dryck-original-50cl-nobe/1463715
Lightdryck Fläder Citron Sockerfri 80cl Zeroh!,"38,90 kr","8L 4,86 kr/l exkl pant",0.7 kcal,3.1 kJ,0 g,0 g,0 g,0 g,0 g,0 g,,,,,,,,,,,,,,,,,,,,,,,,,,,,,https://handlaprivatkund.ica.se/stores/1004181/products/lightdryck-fl%C3%A4der-citron-sockerfri-80cl-zeroh/2051881
Öl Easy rider Alkoholfri 33cl Gotlands Bryggeri,"21,90 kr","0.33L 66,36 kr/l",20 kcal,90 kJ,0.5 g,0.5 g,4 g,0.5 g,0.5 g,0.01 g,,,,,,,,,,,,,,,,,,,,,,,,,,,,,https://handlaprivatkund.ica.se/stores/1004181/products/%C3%B6l-easy-rider-alkoholfri-33cl-gotlands-bryggeri/1520274
Energidryck Monster Energy Lando Norris Zero Sugar 50cl Monster,"21,90 kr","0.5L 43,80 kr/l exkl pant",2 kcal,9 kJ,0 g,0 g,0.7 g,0 g,0 g,0.14 g,,,,,,,2.5 µg,0.8 mg,,0.7 mg,8.5 mg,,,,,,,,,,,,,,,,,,https://handlaprivatkund.ica.se/stores/1004181/products/energidryck-monster-energy-lando-norris-zero-sugar-50cl-monster/2166486
Läsk Cherry 33cl Coca-Cola,"13,90 kr","0.33L 42,12 kr/l exkl pant",43 kcal,182 kJ,0 g,0 g,10.7 g,10.7 g,0 g,0 g,,,,,,,,,,,,,,,,,,,,,,,,,,,,,https://handlaprivatkund.ica.se/stores/1004181/products/l%C3%A4sk-cherry-33cl-coca-cola/2110622
Energidryck Purple Edition Skogsbär 25cl Red Bull,"17,90 kr","0.25L 71,60 kr/l exkl pant",44 kcal,188 kJ,0 g,0 g,10 g,10 g,0 g,0.1 g,,,,,,,2 µg,2 mg,,,8 mg,2 mg,,,,,,,,,,,,,,,,,https://handlaprivatkund.ica.se/stores/1004181/products/energidryck-purple-edition-skogsb%C3%A4r-25cl-red-bull/2125449
Energidryck Bad Apple 50cl Monster Energy,"21,90 kr","0.5L 43,80 kr/l exkl pant",36 kcal,153 kJ,0 g,0 g,9.1 g,8.2 g,0 g,0.17 g,,,,,,,,,,,,,,,,,,,,,,,,,,,,,https://handlaprivatkund.ica.se/stores/1004181/products/energidryck-bad-apple-50cl-monster-energy/2131503
"Öl Pistonhead 3,5% 33cl Brutal Brewing","16,90 kr","0.33L 51,21 kr/l exkl pant",,,,,,,,,,,,,,,,,,,,,,,,,,,,,,,,,,,,,https://handlaprivatkund.ica.se/stores/1004181/products/%C3%B6l-pistonhead-3-5-33cl-brutal-brewing/1531782
Energidryck Astro Vibe Blue Razz 355ml Celsius,"27,90 kr","0.355L 78,59 kr/l exkl pant",3 kcal,12 kJ,0 g,0 g,0 g,0 g,0 g,0 g,,,,,,,1.7 µg,0.6 mg,17 mg,0.5 mg,5.6 mg,2.8 mg,42 µg,,,,,,,,,,,,,,,,https://handlaprivatkund.ica.se/stores/1004181/products/energidryck-astro-vibe-blue-razz-355ml-celsius/2149188
Läsk Tonic Water Rabarber Ekologisk 20cl Ekobryggeriet,"22,90 kr","0.2L 114,50 kr/l",38 kcal,161 kJ,0.5 g,0.5 g,9 g,9 g,0.5 g,0.01 g,,,,,,,,,,,,,,,,,,,,,,,,,,,,,https://handlaprivatkund.ica.se/stores/1004181/products/l%C3%A4sk-tonic-water-rabarber-ekologisk-20cl-ekobryggeriet/2010739
"Energidryck 47,3cl Red Bull","30,90 kr","0.473L 65,33 kr/l exkl pant",46 kcal,195 kJ,0 g,0 g,11 g,11 g,0 g,0.1 g,,,,,,,2 µg,2 mg,,,8 mg,2 mg,,,,,,,,,,,,,,,,,https://handlaprivatkund.ica.se/stores/1004181/products/energidryck-47-3cl-red-bull/1450707
Grönt Pyramidte 20-p Lipton,"25,90 kr","20 per frp 1,30 kr/st",4 kcal,17 kJ,0.5 g,0.1 g,0.5 g,0.5 g,0.5 g,0.01 g,,,,,,,,,,,,,,,,,,,,,,,,,,,,,https://handlaprivatkund.ica.se/stores/1004181/products/gr%C3%B6nt-pyramidte-20-p-lipton/2128926
Läsk Citron Sockerfri 50cl Zingo,"18,90 kr","0.5L 37,80 kr/l exkl pant",3 kcal,12 kJ,0 g,0 g,0.5 g,0.5 g,0 g,0 g,,,,,,,,,,,,,,,,,,,,,,,,,,,,,https://handlaprivatkund.ica.se/stores/1004181/products/l%C3%A4sk-citron-sockerfri-50cl-zingo/2110691
Smoothie Berrylicious 250ml Froosh,"20,00 kr","0.25L 80,00 kr/l",57 kcal,242 kJ,0.1 g,0 g,13 g,12 g,0.4 g,0 g,,,,,,,,,15 mg,,,,,,1.1 g,,,,,,,,,,,,,,https://handlaprivatkund.ica.se/stores/1004181/products/smoothie-berrylicious-250ml-froosh/1274516
"Öl Pistonhead 3,5% 33cl 4-p Brutal Brewing","53,00 kr","1.32L 40,15 kr/l exkl pant",,,,,,,,,,,,,,,,,,,,,,,,,,,,,,,,,,,,,https://handlaprivatkund.ica.se/stores/1004181/products/%C3%B6l-pistonhead-3-5-33cl-4-p-brutal-brewing/1531784
Zero Rasberry 50cl Vitamin Well,"26,90 kr","0.5L 53,80 kr/l exkl pant",1 kcal,4 kJ,0 g,0 g,1.3 g,0 g,0 g,0.01 g,,,,,11.3 mg,,0.25 µg,,,,1.6 mg,0.48 mg,5 µg,,,40 µg,1.5 µg,1.4 mg,5 µg,,,,,,1.2 g,,,,https://handlaprivatkund.ica.se/stores/1004181/products/zero-rasberry-50cl-vitamin-well/2131941
Juice Äpple Mandarin Morot Ekologisk 850ml God Morgon®,"43,90 kr","0.85L 51,65 kr/l exkl pant",44 kcal,184 kJ,0 g,0 g,10 g,9.5 g,0 g,0.02 g,,,,,,,,,,,,,,,,,,,,,,,,,,,,,https://handlaprivatkund.ica.se/stores/1004181/products/juice-%C3%A4pple-mandarin-morot-ekologisk-850ml-god-morgon/2018625
Himlagott te 125g Kobbs,"28,90 kr","0.125kg 231,20 kr/kg",,,,,,,,,,,,,,,,,,,,,,,,,,,,,,,,,,,,,https://handlaprivatkund.ica.se/stores/1004181/products/himlagott-te-125g-kobbs/1334643
Fruktdryck Päron 50cl MER,"16,90 kr","0.5L 33,80 kr/l exkl pant",45 kcal,193 kJ,0 g,0 g,11 g,10.4 g,0 g,0 g,,,,,,,,,,,,,,,,,,,,,,,,,,,,,https://handlaprivatkund.ica.se/stores/1004181/products/fruktdryck-p%C3%A4ron-50cl-mer/1001463
Sparkling drink Limonata 33cl 6-p San Pellegrino,"81,00 kr","1.98L 40,91 kr/l exkl pant",35 kcal,147 kJ,0 g,0 g,8 g,8 g,0 g,0.001 g,,,,,,,,,,,,,,,0.1 g,,,,,,,,,,,,,,https://handlaprivatkund.ica.se/stores/1004181/products/sparkling-drink-limonata-33cl-6-p-san-pellegrino/2094886
Kaffe Mellan 500g Arvid Nordquist,"103,00 kr","0.5kg 206,00 kr/kg",,,,,,,,,,,,,,,,,,,,,,,,,,,,,,,,,,,,,https://handlaprivatkund.ica.se/stores/1004181/products/kaffe-mellan-500g-arvid-nordquist/1004503
Apelsinjuice 1l Bravo,"39,90 kr","1L 39,90 kr/l",45 kcal,180 kJ,0 g,0 g,9 g,9 g,0.7 g,0 g,,,,,,,,,25 mg,,,,,,0.4 g,,,,,,,,,,,,,,https://handlaprivatkund.ica.se/stores/1004181/products/apelsinjuice-1l-bravo/1437715
Energidryck Focus cola 33cl Nocco,"26,90 kr","0.33L 81,52 kr/l exkl pant",0 kcal,1 kJ,0 g,0 g,0 g,0 g,0 g,0 g,,,,,,,0.76 µg,0.42 mg,,,3.9 mg,,15 µg,,0 g,30 µg,,,,,,,,,,,,,https://handlaprivatkund.ica.se/stores/1004181/products/energidryck-focus-cola-33cl-nocco/1507881
Fruktdryck Wild Strawberry 50cl Festis,"17,90 kr","0.5L 35,80 kr/l exkl pant",27 kcal,113 kJ,0 g,0 g,6.5 g,6.5 g,0 g,0 g,,,,,,,,,,,,,,,,,,,,,,,,,,,,,https://handlaprivatkund.ica.se/stores/1004181/products/fruktdryck-wild-strawberry-50cl-festis/2131865
Öl Alkoholfri Ekologisk 33cl Carlsberg,"16,90 kr","0.33L 51,21 kr/l",20 kcal,83 kJ,0 g,0 g,3.9 g,1.2 g,0.4 g,0.02 g,,,,,,,,,,,,,,,,,,,,,,,,,,,,,https://handlaprivatkund.ica.se/stores/1004181/products/%C3%B6l-alkoholfri-ekologisk-33cl-carlsberg/1520303
Läsk Exotic Zero Sockerfri 33cl Fanta,"13,90 kr","0.33L 42,12 kr/l exkl pant",3 kcal,12 kJ,0 g,0 g,0.5 g,0.4 g,0 g,0.02 g,,,,,,,,,,,,,,,,,,,,,,,,,,,,,https://handlaprivatkund.ica.se/stores/1004181/products/l%C3%A4sk-exotic-zero-sockerfri-33cl-fanta/2105867
Kaffebönor Mollbergs blandning 450g Zoegas,"121,00 kr","0.45kg 268,89 kr/kg",,,,,,,,,,,,,,,,,,,,,,,,,,,,,,,,,,,,,https://handlaprivatkund.ica.se/stores/1004181/products/kaffeb%C3%B6nor-mollbergs-blandning-450g-zoegas/1508087
Fruktdryck Äpple päron & jordgubb 20cl 3-p ICA I love eco,"18,90 kr","0.6L 31,50 kr/l",,,,,,,,,,,,,,,,,,,,,,,,,,,,,,,,,,,,,https://handlaprivatkund.ica.se/stores/1004181/products/fruktdryck-%C3%A4pple-p%C3%A4ron-jordgubb-20cl-3-p-ica-i-love-eco/2036232
Lättdryck Citron & lime Koncentrat 2dl BOB,"11,90 kr","1L 11,90 kr/l drickklar",30 kcal,120 kJ,0 g,0 g,6.5 g,6.4 g,0 g,0 g,,,,,,,,,12 mg,,,,,,,,,,,,,,,,,,,,https://handlaprivatkund.ica.se/stores/1004181/products/l%C3%A4ttdryck-citron-lime-koncentrat-2dl-bob/1300067
Öl Alkoholfri Special Effects Lager 0.4% 33cl Brooklyn,"19,90 kr","0.33L 60,30 kr/l exkl pant",29 kcal,121 kJ,0 g,0 g,6.3 g,2.9 g,0.5 g,0 g,,,,,,,,,,,,,,,,,,,,,,,,,,,,,https://handlaprivatkund.ica.se/stores/1004181/products/%C3%B6l-alkoholfri-special-effects-lager-0-4-33cl-brooklyn/2149219
Fruktdryck Fruit Crush Äpple Jordgubb Passionsfrukt 1000ml God Morgon®,"29,90 kr","1L 29,90 kr/l",29 kcal,121 kJ,0 g,0 g,6.9 g,6.6 g,0 g,0 g,,,,,,,,,,,,,,,,,,,,,,,,,,,,,https://handlaprivatkund.ica.se/stores/1004181/products/fruktdryck-fruit-crush-%C3%A4pple-jordgubb-passionsfrukt-1000ml-god-morgon/2166491
"Vatten Kolsyrat Jordgubb Granatäpple 1,5l Loka","15,90 kr","1.5L 10,60 kr/l exkl pant",0 kcal,0 kJ,0 g,0 g,0 g,0 g,0 g,0.04 g,,,,,,,,,,,,,,,,,,,,,,,,,,,,,https://handlaprivatkund.ica.se/stores/1004181/products/vatten-kolsyrat-jordgubb-granat%C3%A4pple-1-5l-loka/2073915
Kaffe Cappuccino Original 10p Gevalia,"30,90 kr","10 per frp 3,09 kr/st",385 kcal,1627 kJ,9.9 g,9.8 g,59 g,43 g,12 g,1.3 g,,,,,,,,,,,,,,,0.3 g,,,,,,,,,,,,,,https://handlaprivatkund.ica.se/stores/1004181/products/kaffe-cappuccino-original-10p-gevalia/2099438
Kaffe Hela Bönor Skånerost 500g Zoegas,"137,00 kr","0.5kg 274,00 kr/kg",,,,,,,,,,,,,,,,,,,,,,,,,,,,,,,,,,,,,https://handlaprivatkund.ica.se/stores/1004181/products/kaffe-hela-b%C3%B6nor-sk%C3%A5nerost-500g-zoegas/2165934
Smoothie Kraft Tropiska frukter 850ml Brämhults,"62,00 kr","0.85L 72,94 kr/l exkl pant",53 kcal,230 kJ,0 g,0 g,12 g,11 g,0.7 g,0.01 g,,,,,,,,,80 mg,,,,,,1 g,,2.5 µg,,,,,,,,,,,,https://handlaprivatkund.ica.se/stores/1004181/products/smoothie-kraft-tropiska-frukter-850ml-br%C3%A4mhults/2062843
Juice Apelsin Ekologisk 850ml God Morgon®,"47,90 kr","0.85L 56,35 kr/l exkl pant",41 kcal,171 kJ,0 g,0 g,8.8 g,8.3 g,0.8 g,0 g,,,,,,,,,30 mg,,,,,,,,,,,,,,,,,,,,https://handlaprivatkund.ica.se/stores/1004181/products/juice-apelsin-ekologisk-850ml-god-morgon/2018627
Smaksatt Vatten Triple Melon 80cl Zeroh,"37,90 kr","8L 4,74 kr/l exkl pant",0.9 kcal,3.9 kJ,0 g,0 g,0 g,0 g,0 g,0 g,,,,,,,,,,,,,,,,,,,,,,,,,,,,,https://handlaprivatkund.ica.se/stores/1004181/products/smaksatt-vatten-triple-melon-80cl-zeroh/2150534
Lightdryck Passionfruit Guava Sockerfri 80cl Zeroh!,"38,90 kr","8L 4,86 kr/l exkl pant",0.9 kcal,3.8 kJ,0 g,0 g,0 g,0 g,0 g,0 g,,,,,,,,,,,,,,,,,,,,,,,,,,,,,https://handlaprivatkund.ica.se/stores/1004181/products/lightdryck-passionfruit-guava-sockerfri-80cl-zeroh/2079284
Kaffedryck Tripleshot Espresso Osötat 300ml Starbucks®,"30,90 kr","0.3L 103,00 kr/l",51 kcal,212 kJ,2.4 g,1.6 g,4.1 g,3.5 g,2.8 g,0.09 g,,,,,,,,,,,,,,,,,,,,,,,,,,,,,https://handlaprivatkund.ica.se/stores/1004181/products/kaffedryck-tripleshot-espresso-os%C3%B6tat-300ml-starbucks/2080503
Apelsinjuice 2l Bravo,"66,00 kr","2L 33,00 kr/l",45 kcal,180 kJ,0 g,0 g,9 g,9 g,0.7 g,0 g,,,,,,,,,28 mg,,,,,,0.4 g,,,,,,,,,,,,,,https://handlaprivatkund.ica.se/stores/1004181/products/apelsinjuice-2l-bravo/1364740
Vatten Stilla 50cl ICA,"10,90 kr","0.5L 21,80 kr/l exkl pant",,,,,,,,,5 mg,49 mg,65 mg,1.3 mg,15 mg,21 mg,,,,,,,,,,,,,,,,,,,,,,,https://handlaprivatkund.ica.se/stores/1004181/products/vatten-stilla-50cl-ica/2023828
Energidryck Green Zero 50cl Monster Energy,"21,90 kr","0.5L 43,80 kr/l exkl pant",3 kcal,15 kJ,0 g,0 g,1 g,0 g,0 g,0.19 g,,,,,,,,,,,,,,,,,,,,,,,,,,,,,https://handlaprivatkund.ica.se/stores/1004181/products/energidryck-green-zero-50cl-monster-energy/2125450
Smoothie Mango Mania 250ml Froosh,"20,00 kr","0.25L 80,00 kr/l",57 kcal,240 kJ,0.1 g,0 g,13 g,12 g,0.5 g,0 g,,,,,,,,,,,,,,,1 g,,,,,,,,,,,,,,https://handlaprivatkund.ica.se/stores/1004181/products/smoothie-mango-mania-250ml-froosh/1274567
Energidryck Limon Summer Edition 2020 33cl Nocco,"26,90 kr","0.33L 81,52 kr/l exkl pant",4 kcal,15 kJ,0 g,0 g,0 g,0 g,0.9 g,0 g,,,,,,,0.76 µg,0.42 mg,,,3.9 mg,,15 µg,,0 g,30 µg,,,,,,,,,,,,,https://handlaprivatkund.ica.se/stores/1004181/products/energidryck-limon-summer-edition-2020-33cl-nocco/2056014
Iskaffe Classics Cappuccino 220ml Starbucks®,"26,90 kr","0.22L 122,27 kr/l",70 kcal,295 kJ,2.3 g,1.4 g,9 g,8.7 g,2.8 g,0.1 g,,,,,,,,,,,,,,,,,,,,,,,,,,,,,https://handlaprivatkund.ica.se/stores/1004181/products/iskaffe-classics-cappuccino-220ml-starbucks/2169131
Energidryck Ramonade 330ml Nocco,"26,90 kr","0.33L 81,52 kr/l exkl pant",1 kcal,4 kJ,0 g,0 g,0 g,0 g,0 g,0 g,,,,,,,0.76 µg,0.42 mg,,,3.9 mg,,15 µg,,0 g,30 µg,,,,,,,,,,,,,https://handlaprivatkund.ica.se/stores/1004181/products/energidryck-ramonade-330ml-nocco/2089734
Enegidryck Skumnisse 33cl Nocco,"26,90 kr","0.33L 81,52 kr/l exkl pant",4 kcal,15 kJ,0 g,0 g,0 g,0 g,0.9 g,0 g,,,,,,,0.76 µg,0.42 mg,,,3.9 mg,,15 µg,,0 g,30 µg,,,,,,,,,,,,,https://handlaprivatkund.ica.se/stores/1004181/products/enegidryck-skumnisse-33cl-nocco/2063373
Bryggkaffe Mörkrost 450g ICA,"82,00 kr","0.45kg 182,22 kr/kg",,,,,,,,,,,,,,,,,,,,,,,,,,,,,,,,,,,,,https://handlaprivatkund.ica.se/stores/1004181/products/bryggkaffe-m%C3%B6rkrost-450g-ica/2076951
Vatten Kolsyrat Päron 50cl Loka,"15,90 kr","0.5L 31,80 kr/l exkl pant",0 kcal,0 kJ,0 g,0 g,0 g,0 g,0 g,0.04 g,,,,,,,,,,,,,,,,,,,,,,,,,,,,,https://handlaprivatkund.ica.se/stores/1004181/products/vatten-kolsyrat-p%C3%A4ron-50cl-loka/1249370
Juice Apelsin Nektar 1000ml God Morgon®,"33,90 kr","1L 33,90 kr/l",39 kcal,163 kJ,0 g,0 g,8.8 g,8.6 g,0 g,0 g,,,,,,,,,16 mg,,,,,,,,,,,,,,,,,,,,https://handlaprivatkund.ica.se/stores/1004181/products/juice-apelsin-nektar-1000ml-god-morgon/2128879
Tropisk nektar Koncentrat 2dl ICA,"17,90 kr","1L 17,90 kr/l drickklar",46 kcal,194 kJ,0.1 g,0 g,11 g,11 g,0.5 g,0 g,,,,,,,,,,,,,,,,,,,,,,,,,,,,,https://handlaprivatkund.ica.se/stores/1004181/products/tropisk-nektar-koncentrat-2dl-ica/1410983
Vitt vin Riesling Alkoholfri 75cl Jacob's Creek,"87,00 kr","0.75L 116,00 kr/l",24.4 kcal,102 kJ,1 g,0 g,5.3 g,5.3 g,1 g,0 g,,,,,,,,,,,,,,,,,,,,,,,,,,,,,https://handlaprivatkund.ica.se/stores/1004181/products/vitt-vin-riesling-alkoholfri-75cl-jacob-s-creek/1476912
Fruktdryck Hallon & svartvinbär 50cl MER,"16,90 kr","0.5L 33,80 kr/l exkl pant",40 kcal,170 kJ,0 g,0 g,10 g,10 g,0 g,0 g,,,,,,,,,,,,,,,,,,,,,,,,,,,,,https://handlaprivatkund.ica.se/stores/1004181/products/fruktdryck-hallon-svartvinb%C3%A4r-50cl-mer/1351913
"Läsk Hallonsoda 1,5l ICA","19,90 kr","1.5L 13,27 kr/l exkl pant",30 kcal,120 kJ,0 g,0 g,7 g,7 g,0 g,0 g,,,,,,,,,,,,,,,,,,,,,,,,,,,,,https://handlaprivatkund.ica.se/stores/1004181/products/l%C3%A4sk-hallonsoda-1-5l-ica/1467273
Earl grey te 25-p Twinings,"44,90 kr","25 per frp 1,80 kr/st",,,,,,,,,,,,,,,,,,,,,,,,,,,,,,,,,,,,,https://handlaprivatkund.ica.se/stores/1004181/products/earl-grey-te-25-p-twinings/1487005
Läsk Sprite 50cl,"19,90 kr","0.5L 39,80 kr/l exkl pant",37 kcal,158 kJ,0 g,0 g,9 g,9 g,0 g,0.03 g,,,,,,,,,,,,,,,,,,,,,,,,,,,,,https://handlaprivatkund.ica.se/stores/1004181/products/l%C3%A4sk-sprite-50cl/2052128
"Läsk Cola Vanilla Zero 1,5l Coca-Cola","27,90 kr","1.5L 18,60 kr/l exkl pant",0.3 kcal,1.3 kJ,0 g,0 g,0 g,0 g,0 g,0.01 g,,,,,,,,,,,,,,,,,,,,,,,,,,,,,https://handlaprivatkund.ica.se/stores/1004181/products/l%C3%A4sk-cola-vanilla-zero-1-5l-coca-cola/2094033
Bryggkaffe Skånerost 450g ICA,"82,00 kr","0.45kg 182,22 kr/kg",,,,,,,,,,,,,,,,,,,,,,,,,,,,,,,,,,,,,https://handlaprivatkund.ica.se/stores/1004181/products/bryggkaffe-sk%C3%A5nerost-450g-ica/2074977
Sörgårdste 125g Kobbs,"28,90 kr","0.125kg 231,20 kr/kg",,,,,,,,,,,,,,,,,,,,,,,,,,,,,,,,,,,,,https://handlaprivatkund.ica.se/stores/1004181/products/s%C3%B6rg%C3%A5rdste-125g-kobbs/1334645
Saft Taste of Spritz 0.8l Zeroh,"37,90 kr","8L 4,74 kr/l exkl pant",0.7 kcal,3 kJ,0 g,0 g,0 g,0 g,0 g,0 g,,,,,,,,,,,,,,,,,,,,,,,,,,,,,https://handlaprivatkund.ica.se/stores/1004181/products/saft-taste-of-spritz-0-8l-zeroh/2156647
"Läsk Exotic 1,5l Fanta","27,90 kr","1.5L 18,60 kr/l exkl pant",53 kcal,227 kJ,0 g,0 g,13.2 g,13.2 g,0 g,0 g,,,,,,,,,,,,,,,,,,,,,,,,,,,,,https://handlaprivatkund.ica.se/stores/1004181/products/l%C3%A4sk-exotic-1-5l-fanta/1330685
Läsk Limonata 33cl San Pellegrino,"16,90 kr","0.33L 51,21 kr/l exkl pant",35 kcal,147 kJ,0 g,0 g,8 g,8 g,0 g,0.001 g,,,,,,,,,,,,,,,0.1 g,,,,,,,,,,,,,,https://handlaprivatkund.ica.se/stores/1004181/products/l%C3%A4sk-limonata-33cl-san-pellegrino/2094887
"Öl 3,5% 50cl Carlsberg","19,90 kr","0.5L 39,80 kr/l exkl pant",30 kcal,127 kJ,,,,,,,,,,,,,,,,,,,,,,,,,,,,,,,,,,,https://handlaprivatkund.ica.se/stores/1004181/products/%C3%B6l-3-5-50cl-carlsberg/1399436
Juice Äpple 1l God Morgon®,"35,90 kr","1L 35,90 kr/l",43 kcal,183 kJ,0.5 g,0 g,10 g,9.7 g,0.5 g,0 g,,,,,,,,,40 mg,,,,,,,,,,,,,,,,,,,,https://handlaprivatkund.ica.se/stores/1004181/products/juice-%C3%A4pple-1l-god-morgon/1395834
Bryggkaffe Fikastund 450g Zoegas,"109,00 kr","0.45kg 242,22 kr/kg",,,,,,,,,,,,,,,,,,,,,,,,,,,,,,,,,,,,,https://handlaprivatkund.ica.se/stores/1004181/products/bryggkaffe-fikastund-450g-zoegas/1499230
Öl Alkoholfri 33cl 6-p Pripps Blå,"52,00 kr","1.98L 26,26 kr/l exkl pant",12 kcal,53 kJ,0 g,0 g,2.7 g,1 g,0.3 g,0 g,,,,,,,,,,,,,,,,,,,,,,,,,,,,,https://handlaprivatkund.ica.se/stores/1004181/products/%C3%B6l-alkoholfri-33cl-6-p-pripps-bl%C3%A5/2074180
"Grape Tonic 1,5l Spendrups","21,90 kr","1.5L 14,60 kr/l exkl pant",40 kcal,150 kJ,0 g,0 g,8.8 g,8.8 g,0 g,0 g,,,,,,,,,,,,,,,,,,,,,,,,,,,,,https://handlaprivatkund.ica.se/stores/1004181/products/grape-tonic-1-5l-spendrups/1314170
Läsk Aranciata Rossa 33cl San Pellegrino,"16,90 kr","0.33L 51,21 kr/l exkl pant",38 kcal,161 kJ,0 g,0 g,8.9 g,8.8 g,0.1 g,0.004 g,,,,,,,,,,,,,,,0 g,,,,,,,,,,,,,,https://handlaprivatkund.ica.se/stores/1004181/products/l%C3%A4sk-aranciata-rossa-33cl-san-pellegrino/2094889
Läsk Lemon Fanta 50cl,"19,90 kr","0.5L 39,80 kr/l exkl pant",2 kcal,9 kJ,0 g,0 g,0.2 g,0.2 g,0 g,0.01 g,,,,,,,,,,,,,,,,,,,,,,,,,,,,,https://handlaprivatkund.ica.se/stores/1004181/products/l%C3%A4sk-lemon-fanta-50cl/2084363
"Öl 3,2% 35,5cl Corona","22,90 kr","0.355L 64,51 kr/l",,,,,,,,,,,,,,,,,,,,,,,,,,,,,,,,,,,,,https://handlaprivatkund.ica.se/stores/1004181/products/%C3%B6l-3-2-35-5cl-corona/1405784
Energidryck Juicy Melba 33cl Nocco,"26,90 kr","0.33L 81,52 kr/l exkl pant",5 kcal,22 kJ,0 g,0 g,0 g,0 g,0.9 g,0 g,,,,,,,0.76 µg,0.42 mg,,,3.9 mg,,15 µg,,0 g,30 µg,,,,,,,,,,,,,https://handlaprivatkund.ica.se/stores/1004181/products/energidryck-juicy-melba-33cl-nocco/2110664
Lightdryck Strawberry Rhubarb Sockerfri 80cl Zeroh!,"38,90 kr","8L 4,86 kr/l exkl pant",1.1 kcal,4.6 kJ,0 g,0 g,0 g,0 g,0 g,0 g,,,,,,,,,,,,,,,,,,,,,,,,,,,,,https://handlaprivatkund.ica.se/stores/1004181/products/lightdryck-strawberry-rhubarb-sockerfri-80cl-zeroh/2074549
Iskaffe Daily Brew 250ml Starbucks®,"21,90 kr","0.25L 87,60 kr/l",46 kcal,193 kJ,1 g,0.6 g,6.3 g,5.8 g,2.9 g,0.09 g,,,,,,,,,,,,,,,,,,,,,,,,,,,,,https://handlaprivatkund.ica.se/stores/1004181/products/iskaffe-daily-brew-250ml-starbucks/2112763
"Läsk Cola Zero 1,5l Coca-Cola","27,90 kr","1.5L 18,60 kr/l exkl pant",0.3 kcal,1.3 kJ,0 g,0 g,0 g,0 g,0 g,0.01 g,,,,,,,,,,,,,,,,,,,,,,,,,,,,,https://handlaprivatkund.ica.se/stores/1004181/products/l%C3%A4sk-cola-zero-1-5l-coca-cola/1328139
"Läsk 1,5l Trocadero Zero","24,90 kr","1.5L 16,60 kr/l exkl pant",2 kcal,7 kJ,0 g,0 g,0 g,0 g,0 g,0 g,,,,,,,,,,,,,,,,,,,,,,,,,,,,,https://handlaprivatkund.ica.se/stores/1004181/products/l%C3%A4sk-1-5l-trocadero-zero/2016864
"Öl 2,8% 50cl 6-p Norrlands Guld","52,00 kr","3L 17,33 kr/l exkl pant",,,,,,,,,,,,,,,,,,,,,,,,,,,,,,,,,,,,,https://handlaprivatkund.ica.se/stores/1004181/products/%C3%B6l-2-8-50cl-6-p-norrlands-guld/1397730
Energidryck Aussie Lemonade 50cl Monster Energy,"21,90 kr","0.5L 43,80 kr/l exkl pant",42 kcal,177 kJ,0 g,0 g,11 g,9.7 g,0 g,0.08 g,,,,,,,,,,,,,,,,,,,,,,,,,,,,,https://handlaprivatkund.ica.se/stores/1004181/products/energidryck-aussie-lemonade-50cl-monster-energy/2110568
Herrgårdscider Hallon & fläder 75cl Kiviks Musteri,"28,90 kr","0.75L 38,53 kr/l",35 kcal,160 kJ,0 g,0 g,8.4 g,8.3 g,0 g,0.01 g,,,,,,,,,,,,,,,,,,,,,,,,,,,,,https://handlaprivatkund.ica.se/stores/1004181/products/herrg%C3%A5rdscider-hallon-fl%C3%A4der-75cl-kiviks-musteri/1468441
Blandsaft Citron/lime 1l ICA,"42,90 kr","8L 5,36 kr/l exkl pant",22 kcal,92 kJ,0 g,0 g,5.5 g,5.5 g,0 g,0 g,,,,,,,,,,,,,,,,,,,,,,,,,,,,,https://handlaprivatkund.ica.se/stores/1004181/products/blandsaft-citron-lime-1l-ica/1521368
Vatten Kolsyrad Päron 50cl Bonaqua silver,"15,90 kr","0.5L 31,80 kr/l exkl pant",8 kcal,35 kJ,0 g,0 g,2 g,2 g,0 g,0.01 g,,,,,,,,,,,,,,,,,,,,,,,,,,,,,https://handlaprivatkund.ica.se/stores/1004181/products/vatten-kolsyrad-p%C3%A4ron-50cl-bonaqua-silver/1304479
Läsk Pepsi Max Lime 150cl Pepsi,"25,90 kr","1.5L 17,27 kr/l exkl pant",0.7 kcal,3 kJ,0 g,0 g,0.1 g,0 g,0.1 g,0.03 g,,,,,,,,,,,,,,,,,,,,,,,,,,,,,https://handlaprivatkund.ica.se/stores/1004181/products/l%C3%A4sk-pepsi-max-lime-150cl-pepsi/2017021
Kaffekapslar Espresso 10 Supremo L'Or,"55,00 kr","10 per frp 5,50 kr/st",,,,,,,,,,,,,,,,,,,,,,,,,,,,,,,,,,,,,https://handlaprivatkund.ica.se/stores/1004181/products/kaffekapslar-espresso-10-supremo-l-or/2022079
Kolsyrat vatten Hallon Äpple 50cl Ramlösa,"15,90 kr","0.5L 31,80 kr/l exkl pant",,,,,,,,,4 mg,39 mg,100 mg,0.2 mg,11.5 mg,16 mg,,,,,,,,,,,,,,,,,,,,,,,https://handlaprivatkund.ica.se/stores/1004181/products/kolsyrat-vatten-hallon-%C3%A4pple-50cl-raml%C3%B6sa/2104994
Fruktdryck Classic Orange 50cl Festis,"17,90 kr","0.5L 35,80 kr/l exkl pant",29 kcal,123 kJ,0 g,0 g,6.8 g,6.8 g,0 g,0 g,,,,,,,,,,,,,,,,,,,,,,,,,,,,,https://handlaprivatkund.ica.se/stores/1004181/products/fruktdryck-classic-orange-50cl-festis/1467529
Kombucha Lemon Ginger 414ml Humm,"42,90 kr","0.414L 103,62 kr/l",20 kcal,84 kJ,0 g,0 g,5 g,4 g,0 g,0 g,,,,,,,,,,,,,,,,,,,,,,,,,,,,,https://handlaprivatkund.ica.se/stores/1004181/products/kombucha-lemon-ginger-414ml-humm/2024390
Pina colada 1l Tropic Dream,"31,90 kr","1L 31,90 kr/l",64 kcal,274 kJ,0.5 g,0.1 g,15 g,15 g,0.5 g,0.14 g,,,,,,,,,,,,,,,,,,,,,,,,,,,,,https://handlaprivatkund.ica.se/stores/1004181/products/pina-colada-1l-tropic-dream/1460507
"Vatten Kolsyrad Original 1,5l Ramlösa","18,90 kr","1.5L 12,60 kr/l exkl pant",,,,,,,,,,,,,,,,,,,,,,,,,,,,,,,,,,,,,https://handlaprivatkund.ica.se/stores/1004181/products/vatten-kolsyrad-original-1-5l-raml%C3%B6sa/1511571
Icetea Persika 2l Pfanner,"31,90 kr","2L 15,95 kr/l",25 kcal,108 kJ,0.5 g,0.1 g,6.2 g,6.2 g,0.5 g,0.01 g,,,,,,,,,,,,,,,,,,,,,,,,,,,,,https://handlaprivatkund.ica.se/stores/1004181/products/icetea-persika-2l-pfanner/1445575
"Läsk Lemon Zero Fanta 1,5l","27,90 kr","1.5L 18,60 kr/l exkl pant",2 kcal,9 kJ,0 g,0 g,0.2 g,0.2 g,0 g,0.01 g,,,,,,,,,,,,,,,,,,,,,,,,,,,,,https://handlaprivatkund.ica.se/stores/1004181/products/l%C3%A4sk-lemon-zero-fanta-1-5l/2084364
"Läsk Champis 1,5l Spendrups","24,90 kr","1.5L 16,60 kr/l exkl pant",40 kcal,150 kJ,0 g,0 g,8.7 g,8.7 g,0 g,0.1 g,,,,,,,,,,,,,,,,,,,,,,,,,,,,,https://handlaprivatkund.ica.se/stores/1004181/products/l%C3%A4sk-champis-1-5l-spendrups/1314167
Fruktdryck Multivitamin 2l Glocken Gold,"27,90 kr","2L 13,95 kr/l",21 kcal,89 kJ,0.5 g,0.1 g,4.9 g,4.8 g,0.5 g,0.01 g,,,,,,,0.38 µg,0.21 mg,12 mg,,2.4 mg,0.9 mg,7.5 µg,,,30 µg,,1.8 mg,,,,,,,,120 µg,0.17 mg,,https://handlaprivatkund.ica.se/stores/1004181/products/fruktdryck-multivitamin-2l-glocken-gold/1023404
Vatten Kolsyrad Naturell 50cl Loka,"15,90 kr","0.5L 31,80 kr/l exkl pant",0 kcal,0 kJ,0 g,0 g,0 g,0 g,0 g,0.04 g,,,,,,,,,,,,,,,,,,,,,,,,,,,,,https://handlaprivatkund.ica.se/stores/1004181/products/vatten-kolsyrad-naturell-50cl-loka/1004423
Äppelmust med fruktkött Årets skörd 1l Miljömärkt Kiviks,"39,90 kr","1L 39,90 kr/l",50 kcal,200 kJ,0.1 g,0 g,10.8 g,10.2 g,0.1 g,0 g,,,,,,,,,,,,,,,1 g,,,,,,,,,,,,,,https://handlaprivatkund.ica.se/stores/1004181/products/%C3%A4ppelmust-med-fruktk%C3%B6tt-%C3%A5rets-sk%C3%B6rd-1l-milj%C3%B6m%C3%A4rkt-kiviks/1355017
Energidryck Kaktus 25cl Red Bull,"17,90 kr","0.25L 71,60 kr/l exkl pant",45 kcal,192 kJ,0 g,0 g,11 g,11 g,0 g,0.1 g,,,,,,,2 µg,2 mg,,,8 mg,2 mg,,,,,,,,,,,,,,,,,https://handlaprivatkund.ica.se/stores/1004181/products/energidryck-kaktus-25cl-red-bull/2078471
"Vatten Kolsyrad Granatäpple 1,5l Ramlösa","18,90 kr","1.5L 12,60 kr/l exkl pant",,,,,,,,,2 mg,16 mg,3.5 mg,2.3 mg,0.8 mg,210 mg,,,,,,,,,,,,,,,,,,,,,,,https://handlaprivatkund.ica.se/stores/1004181/products/vatten-kolsyrad-granat%C3%A4pple-1-5l-raml%C3%B6sa/1511553
Läsk Zero 33cl Fanta,"13,90 kr","0.33L 42,12 kr/l exkl pant",3 kcal,11 kJ,0 g,0 g,0.4 g,0.4 g,0 g,0.01 g,,,,,,,,,,,,,,,,,,,,,,,,,,,,,https://handlaprivatkund.ica.se/stores/1004181/products/l%C3%A4sk-zero-33cl-fanta/2132658
"Öl Porter 3,5% 50cl Carnegie","24,00 kr","0.5L 48,00 kr/l exkl pant",32 kcal,136 kJ,,,,,,,,,,,,,,,,,,,,,,,,,,,,,,,,,,,https://handlaprivatkund.ica.se/stores/1004181/products/%C3%B6l-porter-3-5-50cl-carnegie/1372754
Bryggkaffe Kharisma 450g Löfbergs,"89,00 kr","0.45kg 197,78 kr/kg",,,,,,,,,,,,,,,,,,,,,,,,,,,,,,,,,,,,,https://handlaprivatkund.ica.se/stores/1004181/products/bryggkaffe-kharisma-450g-l%C3%B6fbergs/1476574
Juice Tropisk 2l Bravo,"53,00 kr","2L 26,50 kr/l",45 kcal,180 kJ,0 g,0 g,9 g,9 g,0 g,0 g,,,,,,,,,,,,,,,0.3 g,,,,,,,,,,,,,,https://handlaprivatkund.ica.se/stores/1004181/products/juice-tropisk-2l-bravo/1365725
Smaksatt Vatten Sour Apple 80cl Zeroh,"37,90 kr","8L 4,74 kr/l exkl pant",1.1 kcal,4.6 kJ,0 g,0 g,0 g,0 g,0 g,0 g,,,,,,,,,,,,,,,,,,,,,,,,,,,,,https://handlaprivatkund.ica.se/stores/1004181/products/smaksatt-vatten-sour-apple-80cl-zeroh/2150533
Lemonad Drakfrukt 850ml Brämhults,"51,00 kr","0.85L 60,00 kr/l exkl pant",43 kcal,182 kJ,0 g,0 g,9.9 g,9.6 g,0 g,0 g,,,,,,,,,,,,,,,,,,,,,,,,,,,,,https://handlaprivatkund.ica.se/stores/1004181/products/lemonad-drakfrukt-850ml-br%C3%A4mhults/2107370
Vatten Kolsyrat Svarta Vinbär 50cl Ramlösa,"15,90 kr","0.5L 31,80 kr/l exkl pant",,,,,,,,,4 mg,39 mg,100 mg,0.2 mg,11.5 mg,16 mg,,,,,,,,,,,,,,,,,,,,,,,https://handlaprivatkund.ica.se/stores/1004181/products/vatten-kolsyrat-svarta-vinb%C3%A4r-50cl-raml%C3%B6sa/2125527
Vitamindryck Zero Peach 50cl Vitamin Well,"26,90 kr","0.5L 53,80 kr/l exkl pant",1 kcal,5 kJ,0 g,0 g,1.4 g,0 g,0 g,0.01 g,,,,,,,0.25 µg,0.28 mg,,,1.6 mg,0.48 mg,5 µg,,,,0.8 µg,1.4 mg,,,,,,,1.2 g,,,,https://handlaprivatkund.ica.se/stores/1004181/products/vitamindryck-zero-peach-50cl-vitamin-well/2149196
Vitamindryck Zero Pear 50cl Vitamin Well,"26,90 kr","0.5L 53,80 kr/l",1 kcal,5 kJ,0 g,0 g,1.4 g,0 g,0 g,0.01 g,,,,,,,0.25 µg,0.28 mg,16 mg,,1.6 mg,0.48 mg,5 µg,,,,0.8 µg,1.4 mg,,,,,,,1.2 g,,,,https://handlaprivatkund.ica.se/stores/1004181/products/vitamindryck-zero-pear-50cl-vitamin-well/2149195
Te Svart Forest Fruit Pyramid 20p Lipton,"31,90 kr","20 per frp 1,60 kr/st",4 kcal,17 kJ,0.5 g,0.1 g,0.5 g,0.5 g,0.5 g,0.01 g,,,,,,,,,,,,,,,,,,,,,,,,,,,,,https://handlaprivatkund.ica.se/stores/1004181/products/te-svart-forest-fruit-pyramid-20p-lipton/2139050
Äpplejuice 1l Bravo,"32,90 kr","1L 32,90 kr/l",45 kcal,180 kJ,0 g,0 g,9.5 g,9.5 g,0 g,0 g,,,,,,,,,,,,,,,0.2 g,,,,,,,,,,,,,,https://handlaprivatkund.ica.se/stores/1004181/products/%C3%A4pplejuice-1l-bravo/1437720
Lightdryck Fläder 1l ICA,"31,90 kr","10L 3,19 kr/l exkl pant",1 kcal,4 kJ,0 g,0 g,0 g,0 g,0 g,0 g,,,,,,,,,,,,,,,,,,,,,,,,,,,,,https://handlaprivatkund.ica.se/stores/1004181/products/lightdryck-fl%C3%A4der-1l-ica/2023954
Classic Cinnamon spice 17-p KRAV Yogi Tea,"46,90 kr","17 per frp 2,76 kr/st",0.5 kcal,2 kJ,0.1 g,0.1 g,0.1 g,0.1 g,0.1 g,0.01 g,,,,,,,,,,,,,,,,,,,,,,,,,,,,,https://handlaprivatkund.ica.se/stores/1004181/products/classic-cinnamon-spice-17-p-krav-yogi-tea/1432077
Kaffe Festivita Extra mörk 500g Arvid Nordquist Classic,"103,00 kr","0.5kg 206,00 kr/kg",,,,,,,,,,,,,,,,,,,,,,,,,,,,,,,,,,,,,https://handlaprivatkund.ica.se/stores/1004181/products/kaffe-festivita-extra-m%C3%B6rk-500g-arvid-nordquist-classic/1003807
Snabbkaffe Gold Rich Caramel 95g Nescafe,"88,00 kr","0.095kg 926,32 kr/kg",,,,,,,,,,,,,,,,,,,,,,,,,,,,,,,,,,,,,https://handlaprivatkund.ica.se/stores/1004181/products/snabbkaffe-gold-rich-caramel-95g-nescafe/2151313
Kolsyrat Vatten Jordgubb 50cl Ramlösa,"15,90 kr","0.5L 31,80 kr/l exkl pant",,,,,,,,,4 mg,39 mg,100 mg,0.2 mg,11.5 mg,16 mg,,,,,,,,,,,,,,,,,,,,,,,https://handlaprivatkund.ica.se/stores/1004181/products/kolsyrat-vatten-jordgubb-50cl-raml%C3%B6sa/2155324
Juice Blodgrape 1l God Morgon®,"42,90 kr","1L 42,90 kr/l",41 kcal,172 kJ,0.5 g,0 g,8 g,8 g,0.6 g,0 g,,,,,,,,,20 mg,,,,,,,,,,,,,,,,,,,,https://handlaprivatkund.ica.se/stores/1004181/products/juice-blodgrape-1l-god-morgon/1201756
Läsk Orange 50cl Fanta,"19,90 kr","0.5L 39,80 kr/l exkl pant",19 kcal,79 kJ,0 g,0 g,4 g,4 g,0 g,0.01 g,,,,,,,,,,,,,,,,,,,,,,,,,,,,,https://handlaprivatkund.ica.se/stores/1004181/products/l%C3%A4sk-orange-50cl-fanta/2125541
Öl IPA Peoples Bulldog 3.5% 33cl Gotlands Bryggeri,"21,90 kr","0.33L 66,36 kr/l exkl pant",40 kcal,170 kJ,,,,,,,,,,,,,,,,,,,,,,,,,,,,,,,,,,,https://handlaprivatkund.ica.se/stores/1004181/products/%C3%B6l-ipa-peoples-bulldog-3-5-33cl-gotlands-bryggeri/2132281
"Öl 3,5% 50cl Mariestads","21,00 kr","0.5L 42,00 kr/l exkl pant",37 kcal,154 kJ,,,,,,,,,,,,,,,,,,,,,,,,,,,,,,,,,,,https://handlaprivatkund.ica.se/stores/1004181/products/%C3%B6l-3-5-50cl-mariestads/1255691
Kaffefilter oblekta 102 80-p ICA,"19,90 kr","80 per frp 0,25 kr/st",,,,,,,,,,,,,,,,,,,,,,,,,,,,,,,,,,,,,https://handlaprivatkund.ica.se/stores/1004181/products/kaffefilter-oblekta-102-80-p-ica/2021773
"Öl Bayersk 2,8% 50cl Falcon","10,90 kr","0.5L 21,80 kr/l exkl pant",28 kcal,119 kJ,0 g,0 g,3 g,0 g,0.3 g,0 g,,,,,,,,,,,,,,,,,,,,,,,,,,,,,https://handlaprivatkund.ica.se/stores/1004181/products/%C3%B6l-bayersk-2-8-50cl-falcon/1397522
Läsk 7-UP Free 50cl,"18,90 kr","0.5L 37,80 kr/l exkl pant",1 kcal,5 kJ,0 g,0 g,0 g,0 g,0.1 g,0.05 g,,,,,,,,,,,,,,,,,,,,,,,,,,,,,https://handlaprivatkund.ica.se/stores/1004181/products/l%C3%A4sk-7-up-free-50cl/2073927
Bryggkaffe Intenzo 450g Zoegas,"109,00 kr","0.45kg 242,22 kr/kg",,,,,,,,,,,,,,,,,,,,,,,,,,,,,,,,,,,,,https://handlaprivatkund.ica.se/stores/1004181/products/bryggkaffe-intenzo-450g-zoegas/1499234
Apelsinjuice Nypressad 300ml Brämhults,"35,90 kr","0.3L 119,67 kr/l exkl pant",43 kcal,182 kJ,0 g,0 g,9 g,9 g,0.7 g,0 g,,,,,,,,,45 mg,,,,,,0.7 g,,,,,,,,,,,,,,https://handlaprivatkund.ica.se/stores/1004181/products/apelsinjuice-nypressad-300ml-br%C3%A4mhults/2063055
Energidryck Focus Pearade 33cl Nocco,"26,90 kr","0.33L 81,52 kr/l exkl pant",1 kcal,4 kJ,0 g,0 g,0 g,0 g,0 g,0 g,,,,,,,0.76 µg,0.42 mg,,,3.9 mg,,15 µg,,0 g,30 µg,,,,,,,,,,,,,https://handlaprivatkund.ica.se/stores/1004181/products/energidryck-focus-pearade-33cl-nocco/2100080
Svart Te Earl Grey 25st Lipton,"26,90 kr","25 per frp 1,08 kr/st",4 kcal,17 kJ,0.5 g,0.01 g,0.5 g,0.5 g,0.5 g,0.01 g,,,,,,,,,,,,,,,,,,,,,,,,,,,,,https://handlaprivatkund.ica.se/stores/1004181/products/svart-te-earl-grey-25st-lipton/2166216
Läsk Cola Zero 50cl Coca-Cola,"19,90 kr","0.5L 39,80 kr/l exkl pant",0.3 kcal,1.3 kJ,0 g,0 g,0 g,0 g,0 g,0.01 g,,,,,,,,,,,,,,,,,,,,,,,,,,,,,https://handlaprivatkund.ica.se/stores/1004181/products/l%C3%A4sk-cola-zero-50cl-coca-cola/1328140
"Juice Tropisk 1,75l God Morgon®","53,00 kr","1.75L 30,29 kr/l",45 kcal,190 kJ,0.5 g,0 g,10 g,9.7 g,0.3 g,0.01 g,,,,,,,,,,,,,,,0.5 g,,,,,,,,,,,,,,https://handlaprivatkund.ica.se/stores/1004181/products/juice-tropisk-1-75l-god-morgon/2052869
English breakfast te 25-p Twinings,"44,90 kr","25 per frp 1,80 kr/st",,,,,,,,,,,,,,,,,,,,,,,,,,,,,,,,,,,,,https://handlaprivatkund.ica.se/stores/1004181/products/english-breakfast-te-25-p-twinings/1487016
Vin Mousserande Alkoholfri 750ml Mionetto,"124,00 kr","0.75L 165,33 kr/l",11 kcal,48 kJ,0.5 g,0.1 g,2.6 g,2 g,0.5 g,0.01 g,,,,,,,,,,,,,,,,,,,,,,,,,,,,,https://handlaprivatkund.ica.se/stores/1004181/products/vin-mousserande-alkoholfri-750ml-mionetto/2085463
Juice Apple Pink Lady 900ml Tropicana,"46,90 kr","0.9L 52,11 kr/l exkl pant",47 kcal,198 kJ,0 g,0 g,11 g,11 g,0.2 g,0 g,,,,,,,,,,,,,,,0.6 g,,,,,,,,,,,,,,https://handlaprivatkund.ica.se/stores/1004181/products/juice-apple-pink-lady-900ml-tropicana/2166503
