Name,Price,Size,Energi (kcal),Energi (kJ),Fett,Varav mättat fett,Kolhydrat,Varav sockerarter,Protein,Salt,Fiber,Kalium,Tiamin,Zink,Varav enkelomättat fett,Varav fleromättat fett,Järn,Magnesium,Folsyra,Fosfor,Vitamin C,Vitamin E,Natrium,Kalcium,Niacin,url
Köttbuljong 12-p 132g ICA,"21,90 kr","6L 3,65 kr/l drickklar",310 kcal,1300 kJ,19 g,9.7 g,31 g,8.4 g,4.6 g,41.3 g,,,,,,,,,,,,,,,,https://handlaprivatkund.ica.se/stores/1004181/products/k%C3%B6ttbuljong-12-p-132g-ica/1526873
Gammaldags Idealmakaroner 750g Kungsörnen,"20,90 kr","0.75kg 27,87 kr/kg",,,,,,,,,,,,,,,,,,,,,,,,https://handlaprivatkund.ica.se/stores/1004181/products/gammaldags-idealmakaroner-750g-kungs%C3%B6rnen/1446622
Nudlar Kycklingsmak 85g Samyang,"8,90 kr","0.085kg 104,71 kr/kg",459 kcal,1920 kJ,16 g,8 g,54 g,2 g,7 g,4 g,2 g,,,,,,,,,,,,,,,https://handlaprivatkund.ica.se/stores/1004181/products/nudlar-kycklingsmak-85g-samyang/1003165
Tonfisk i olja 170g ICA,"27,90 kr","0.12kg 232,50 kr/kg u. spad",189 kcal,789 kJ,9.9 g,1.2 g,0 g,0 g,25 g,1 g,,,,,,,,,,,,,,,,https://handlaprivatkund.ica.se/stores/1004181/products/tonfisk-i-olja-170g-ica/2092258
Kokosgrädde 200ml Kung markatta,"22,90 kr","0.2L 114,50 kr/l",219 kcal,902 kJ,22 g,20 g,3 g,1.7 g,2.2 g,0.03 g,1.2 g,,,,,,,,,,,,,,,https://handlaprivatkund.ica.se/stores/1004181/products/kokosgr%C3%A4dde-200ml-kung-markatta/2125950
"Lingonsylt 1,5Kg ICA Basic","56,00 kr","1.5kg 37,33 kr/kg",141 kcal,599 kJ,0.5 g,0.5 g,34 g,33 g,0.5 g,0.1 g,,,,,,,,,,,,,,,,https://handlaprivatkund.ica.se/stores/1004181/products/lingonsylt-1-5kg-ica-basic/1411262
Vitlökspulver 49g Santa Maria,"35,90 kr","0.049kg 732,65 kr/kg",346 kcal,1463 kJ,0.7 g,0.2 g,64 g,2.4 g,17 g,0.15 g,9 g,,,,,,,,,,,,,,,https://handlaprivatkund.ica.se/stores/1004181/products/vitl%C3%B6kspulver-49g-santa-maria/2023263
Champinjoner Skivade 290g ICA,"17,90 kr","0.17kg 105,29 kr/kg u. spad",20 kcal,82 kJ,0.5 g,0 g,0.5 g,0 g,2.3 g,0.45 g,2 g,,,,,,,,,,,,,,,https://handlaprivatkund.ica.se/stores/1004181/products/champinjoner-skivade-290g-ica/1390019
Taco sauce Medium 230g Santa Maria,"19,90 kr","0.23kg 86,52 kr/kg",34 kcal,144 kJ,0 g,0 g,5.5 g,4 g,1.5 g,1.1 g,1.7 g,,,,,,,,,,,,,,,https://handlaprivatkund.ica.se/stores/1004181/products/taco-sauce-medium-230g-santa-maria/1519332
Granola Kanel mandel & äpple 450g Paulúns,"73,00 kr","0.45kg 162,22 kr/kg",431 kcal,1805 kJ,18 g,1.3 g,46 g,8.2 g,11 g,0.33 g,22 g,360 mg,0.23 mg,1.9 mg,,,,,,,,,,,,https://handlaprivatkund.ica.se/stores/1004181/products/granola-kanel-mandel-%C3%A4pple-450g-paul%C3%BAns/1475980
Lingon Rårörda 750g ICA,"70,00 kr","0.75kg 93,33 kr/kg",186 kcal,789 kJ,0 g,0 g,45 g,44 g,0.3 g,0 g,,,,,,,,,,,,,,,,https://handlaprivatkund.ica.se/stores/1004181/products/lingon-r%C3%A5r%C3%B6rda-750g-ica/2009908
Majskorn 340g ICA,"22,90 kr","0.28kg 81,79 kr/kg u. spad",69 kcal,291 kJ,1.1 g,0.4 g,11 g,6.7 g,2.2 g,0.2 g,3.6 g,,,,,,,,,,,,,,,https://handlaprivatkund.ica.se/stores/1004181/products/majskorn-340g-ica/1026281
Vetemjöl 1kg ICA,"16,90 kr","1kg 16,90 kr/kg",340 kcal,1450 kJ,1.5 g,0.5 g,71 g,0.5 g,10 g,0.01 g,3 g,,,,,,,,,,,,,,,https://handlaprivatkund.ica.se/stores/1004181/products/vetemj%C3%B6l-1kg-ica/2076336
Svartpeppar grovmalen 65g ICA Basic,"21,90 kr","0.065kg 336,92 kr/kg",,,,,,,,,,,,,,,,,,,,,,,,https://handlaprivatkund.ica.se/stores/1004181/products/svartpeppar-grovmalen-65g-ica-basic/2112954
Chokladdryck Original Refill 700g O'boy,"49,90 kr","0.7kg 71,29 kr/kg",379 kcal,1605 kJ,2.6 g,1.2 g,82 g,80 g,3.9 g,0.48 g,5.7 g,,,,,,,,,,,,,,,https://handlaprivatkund.ica.se/stores/1004181/products/chokladdryck-original-refill-700g-o-boy/1354730
Minimajs 425g ICA Asia,"26,90 kr","0.225kg 119,56 kr/kg u. spad",,,,,,,,,,,,,,,,,,,,,,,,https://handlaprivatkund.ica.se/stores/1004181/products/minimajs-425g-ica-asia/1026295
Vita bönor i tomatsås 415g Heinz,"15,90 kr","0.415kg 38,31 kr/kg",81 kcal,339 kJ,0.4 g,0.1 g,15.5 g,4.3 g,4.8 g,0.6 g,3.9 g,,,,,,,,,,,,,,,https://handlaprivatkund.ica.se/stores/1004181/products/vita-b%C3%B6nor-i-tomats%C3%A5s-415g-heinz/1001301
Flingsalt 200g ICA,"32,90 kr","0.2kg 164,50 kr/kg",,,,,,,,,,,,,,,,,,,,,,,,https://handlaprivatkund.ica.se/stores/1004181/products/flingsalt-200g-ica/1490126
Soltorkade tomater Strimlade med örter 100g ICA,"37,90 kr","0.1kg 379,00 kr/kg u. spad",330 kcal,1400 kJ,32 g,2.4 g,6.7 g,2.4 g,3 g,1.6 g,,,,,,,,,,,,,,,,https://handlaprivatkund.ica.se/stores/1004181/products/soltorkade-tomater-strimlade-med-%C3%B6rter-100g-ica/2005644
Rapsolja ICA 1000ml Basic,"31,90 kr","1L 31,90 kr/l",,,,,,,,,,,,,,,,,,,,,,,,https://handlaprivatkund.ica.se/stores/1004181/products/rapsolja-ica-1000ml-basic/2108425
Gröna linser 380g ICA,"14,90 kr","0.23kg 64,78 kr/kg",69 kcal,289 kJ,0.2 g,0.1 g,9.9 g,0.4 g,4.3 g,0.4 g,5 g,,,,,,,,,,,,,,,https://handlaprivatkund.ica.se/stores/1004181/products/gr%C3%B6na-linser-380g-ica/2120292
Mango chutney Original 300g ICA Asia,"32,90 kr","0.3kg 109,67 kr/kg",,,,,,,,,,,,,,,,,,,,,,,,https://handlaprivatkund.ica.se/stores/1004181/products/mango-chutney-original-300g-ica-asia/1350001
Pasta Tortellini Ricottaost & Spenat Färsk 250g ICA,"40,90 kr","0.25kg 163,60 kr/kg",277 kcal,1168 kJ,6.4 g,2 g,43 g,4.2 g,10 g,0.58 g,,,,,,,,,,,,,,,,https://handlaprivatkund.ica.se/stores/1004181/products/pasta-tortellini-ricottaost-spenat-f%C3%A4rsk-250g-ica/2116966
Gammaldags Idealmakaroner 1300g Kungsörnen,"33,90 kr","1.3kg 26,08 kr/kg",,,,,,,,,,,,,,,,,,,,,,,,https://handlaprivatkund.ica.se/stores/1004181/products/gammaldags-idealmakaroner-1300g-kungs%C3%B6rnen/1446619
Oregano 15g ICA Basic,"21,90 kr","0.015kg 1 460,00 kr/kg",,,,,,,,,,,,,,,,,,,,,,,,https://handlaprivatkund.ica.se/stores/1004181/products/oregano-15g-ica-basic/2112958
Spaghetti 1kg Kungsörnen,"29,90 kr","1kg 29,90 kr/kg",360 kcal,1500 kJ,2 g,0.5 g,71 g,2.5 g,12 g,0.01 g,3.5 g,,,,,,,,,,,,,,,https://handlaprivatkund.ica.se/stores/1004181/products/spaghetti-1kg-kungs%C3%B6rnen/1004787
Majonnäs 450g ICA,"30,90 kr","0.45kg 68,67 kr/kg",715 kcal,2941 kJ,78 g,5.6 g,2.4 g,2.2 g,0.8 g,1 g,,,,,,,,,,,,,,,,https://handlaprivatkund.ica.se/stores/1004181/products/majonn%C3%A4s-450g-ica/2114094
Nachochips 200g ICA,"16,90 kr","0.2kg 84,50 kr/kg",472 kcal,1979 kJ,20 g,2 g,64 g,0.8 g,6.6 g,0.9 g,4 g,,,,,,,,,,,,,,,https://handlaprivatkund.ica.se/stores/1004181/products/nachochips-200g-ica/1128038
Äppelmos 720g ICA Basic,"17,90 kr","0.72kg 24,86 kr/kg",,,,,,,,,,,,,,,,,,,,,,,,https://handlaprivatkund.ica.se/stores/1004181/products/%C3%A4ppelmos-720g-ica-basic/1418303
Snabbkaffe Original Mellanrost Refill 200g Gevalia,"118,00 kr","0.2kg 590,00 kr/kg",,,,,,,,,,,,,,,,,,,,,,,,https://handlaprivatkund.ica.se/stores/1004181/products/snabbkaffe-original-mellanrost-refill-200g-gevalia/1527753
Oliver Gröna med Pimiento 340g Figaro,"33,90 kr","0.198kg 171,21 kr/kg u. spad",145 kcal,579 kJ,15 g,,0.1 g,,1 g,,,,,,,,,,,,,,,,,https://handlaprivatkund.ica.se/stores/1004181/products/oliver-gr%C3%B6na-med-pimiento-340g-figaro/1007281
Torkad Mango 200g Sunshine Delights,"60,00 kr","0.2kg 300,00 kr/kg",341 kcal,1448 kJ,0.6 g,0 g,80 g,70 g,1.8 g,0.3 g,4.4 g,,,,,,,,,,,,,,,https://handlaprivatkund.ica.se/stores/1004181/products/torkad-mango-200g-sunshine-delights/2125896
Pasta Gnocchi Färsk 400g ICA,"33,90 kr","0.4kg 84,75 kr/kg",142 kcal,604 kJ,0.6 g,0.5 g,30 g,0.5 g,3.6 g,0.6 g,,,,,,,,,,,,,,,,https://handlaprivatkund.ica.se/stores/1004181/products/pasta-gnocchi-f%C3%A4rsk-400g-ica/2118838
Kanel Malen påse 55g Santa Maria,"25,90 kr","0.055kg 470,91 kr/kg",243 kcal,1005 kJ,1.2 g,0.3 g,27 g,2.2 g,4 g,0.03 g,53 g,,,,,,,,,,,,,,,https://handlaprivatkund.ica.se/stores/1004181/products/kanel-malen-p%C3%A5se-55g-santa-maria/1528704
Jordgubbssylt 620g ICA,"40,90 kr","0.62kg 65,97 kr/kg",176 kcal,746 kJ,0 g,0 g,43 g,42 g,0.2 g,0 g,,,,,,,,,,,,,,,,https://handlaprivatkund.ica.se/stores/1004181/products/jordgubbssylt-620g-ica/2009913
Kycklingfond 180ml Touch of Taste,"46,90 kr","4L 11,73 kr/l drickklar",2 kcal,10 kJ,0.5 g,0.1 g,0.5 g,0.1 g,0.5 g,0.7 g,,,,,,,,,,,,,,,,https://handlaprivatkund.ica.se/stores/1004181/products/kycklingfond-180ml-touch-of-taste/1008243
Bönor Svarta Ekologisk 380g Zeta,"19,90 kr","0.23kg 86,52 kr/kg u. spad",103 kcal,435 kJ,0.8 g,0.5 g,13 g,0.5 g,7.6 g,0.3 g,,,,,,,,,,,,,,,,https://handlaprivatkund.ica.se/stores/1004181/products/b%C3%B6nor-svarta-ekologisk-380g-zeta/1344914
Spirali 500g ICA,"18,90 kr","0.5kg 37,80 kr/kg",360 kcal,1504 kJ,1.2 g,0.5 g,72 g,3 g,12 g,0 g,3.1 g,,,,,,,,,,,,,,,https://handlaprivatkund.ica.se/stores/1004181/products/spirali-500g-ica/1007759
Smörgåsgurka Mor annas 590g Önos,"33,90 kr","0.345kg 98,26 kr/kg u. spad",78 kcal,324 kJ,0 g,0 g,18 g,17 g,0.9 g,2 g,,,,,,,,,,,,,,,,https://handlaprivatkund.ica.se/stores/1004181/products/sm%C3%B6rg%C3%A5sgurka-mor-annas-590g-%C3%B6nos/1488998
Kaffefilter 1x4 oblekta 80-p ICA,"17,90 kr","80 per frp 0,22 kr/st",,,,,,,,,,,,,,,,,,,,,,,,https://handlaprivatkund.ica.se/stores/1004181/products/kaffefilter-1x4-oblekta-80-p-ica/2021775
Lasagneplattor 500g ICA,"27,90 kr","0.5kg 55,80 kr/kg",367 kcal,1552 kJ,3.4 g,1 g,69 g,3 g,13 g,0.07 g,4 g,,,,,,,,,,,,,,,https://handlaprivatkund.ica.se/stores/1004181/products/lasagneplattor-500g-ica/2077762
Snabbmakaroner 750g Kungsörnen,"22,90 kr","0.75kg 30,53 kr/kg",,,,,,,,,,,,,,,,,,,,,,,,https://handlaprivatkund.ica.se/stores/1004181/products/snabbmakaroner-750g-kungs%C3%B6rnen/1446802
Tomater passerade 500g ICA Basic,"11,90 kr","0.5kg 23,80 kr/kg",20 kcal,90 kJ,0.5 g,0 g,3.6 g,3.1 g,1.1 g,0.5 g,0.7 g,,,,,,,,,,,,,,,https://handlaprivatkund.ica.se/stores/1004181/products/tomater-passerade-500g-ica-basic/2121138
Frukostflingor Havrekuddar Original 375g Havrefras,"49,90 kr","0.375kg 133,07 kr/kg",392 kcal,1642 kJ,6.7 g,1.2 g,62 g,8.6 g,14 g,0.85 g,14 g,,,,,,,,,,,,,,,https://handlaprivatkund.ica.se/stores/1004181/products/frukostflingor-havrekuddar-original-375g-havrefras/2083273
Marinad BBQ Chicken 75g Santa Maria,"11,90 kr","0.075kg 158,67 kr/kg",69 kcal,288 kJ,1.3 g,0.2 g,9.6 g,7.8 g,2.2 g,9.8 g,4.9 g,,,,,,,,,,,,,,,https://handlaprivatkund.ica.se/stores/1004181/products/marinad-bbq-chicken-75g-santa-maria/1005745
Plommon urkärnade 250g ICA,"44,90 kr","0.25kg 179,60 kr/kg",278 kcal,1163 kJ,0.5 g,0.5 g,66 g,42 g,2.9 g,0 g,8.8 g,,,,,,,,,,,,,,,https://handlaprivatkund.ica.se/stores/1004181/products/plommon-urk%C3%A4rnade-250g-ica/2040975
Finkrossade Tomater 390g ICA,"17,90 kr","0.39kg 45,90 kr/kg",20 kcal,90 kJ,0.5 g,0.5 g,3.7 g,3.6 g,0.8 g,0.1 g,1.2 g,,,,,,,,,,,,,,,https://handlaprivatkund.ica.se/stores/1004181/products/finkrossade-tomater-390g-ica/1466015
Spaghetti 1kg ICA Basic,"19,90 kr","1kg 19,90 kr/kg",364 kcal,1543 kJ,1.7 g,0.3 g,75 g,2.6 g,12 g,0.01 g,3.1 g,,,,,,,,,,,,,,,https://handlaprivatkund.ica.se/stores/1004181/products/spaghetti-1kg-ica-basic/2077761
Kikärtor Ekologisk 380g Zeta,"19,90 kr","0.23kg 86,52 kr/kg u. spad",120 kcal,502 kJ,2.5 g,0.5 g,14 g,0.5 g,6.7 g,0.5 g,,,,,0.7 g,,,,,,,,,,,https://handlaprivatkund.ica.se/stores/1004181/products/kik%C3%A4rtor-ekologisk-380g-zeta/1344007
Bryggkaffe Mellanrost 450g Löfbergs,"88,00 kr","0.45kg 195,56 kr/kg",,,,,,,,,,,,,,,,,,,,,,,,https://handlaprivatkund.ica.se/stores/1004181/products/bryggkaffe-mellanrost-450g-l%C3%B6fbergs/2128931
Pasta Tagliatelle 500g Barilla,"33,90 kr","0.5kg 67,80 kr/kg",359 kcal,1521 kJ,2 g,0.5 g,71 g,3.5 g,13 g,0.01 g,3 g,,,,,,,,,,,,,,,https://handlaprivatkund.ica.se/stores/1004181/products/pasta-tagliatelle-500g-barilla/2086780
Tortilla Chips Che 185g Santa Maria,"19,90 kr","0.185kg 107,57 kr/kg",472 kcal,1979 kJ,20 g,2 g,64 g,1.5 g,6.6 g,1.6 g,4 g,,,,,,,,,,,,,,,https://handlaprivatkund.ica.se/stores/1004181/products/tortilla-chips-che-185g-santa-maria/2126543
Chunky salsa Medium 230g Santa Maria,"22,90 kr","0.23kg 99,57 kr/kg",32 kcal,136 kJ,0 g,0 g,5.5 g,4.8 g,1.6 g,1 g,1.9 g,,,,,,,,,,,,,,,https://handlaprivatkund.ica.se/stores/1004181/products/chunky-salsa-medium-230g-santa-maria/1519335
Finkornigt Hushållssalt med jod 1kg Falksalt,"15,90 kr","1kg 15,90 kr/kg",,,,,,,,,,,,,,,,,,,,,,,,https://handlaprivatkund.ica.se/stores/1004181/products/finkornigt-hush%C3%A5llssalt-med-jod-1kg-falksalt/1464317
Olivolja Extra virgin 750ml ICA,"107,00 kr","0.75L 142,67 kr/l",850 kcal,3400 kJ,92 g,15 g,0 g,0 g,0 g,0 g,,,,,68 g,9 g,,,,,,,,,,https://handlaprivatkund.ica.se/stores/1004181/products/olivolja-extra-virgin-750ml-ica/1327234
Taco Tubs 145g Santa Maria,"28,90 kr","0.145kg 199,31 kr/kg",483 kcal,1982 kJ,24 g,2.3 g,57 g,1.1 g,5.7 g,1.5 g,6.6 g,,,,,,,,,,,,,,,https://handlaprivatkund.ica.se/stores/1004181/products/taco-tubs-145g-santa-maria/2126548
Kakao 200g ICA,"52,00 kr","0.2kg 260,00 kr/kg",394 kcal,1647 kJ,22 g,13 g,11 g,0 g,24 g,0.02 g,,,,,,,,,,,,,,,,https://handlaprivatkund.ica.se/stores/1004181/products/kakao-200g-ica/2083169
Jasminris 2kg ICA Asia,"85,00 kr","2kg 42,50 kr/kg",350 kcal,1500 kJ,0.7 g,0 g,77 g,0 g,7.8 g,0 g,1 g,,,,,,,,,,,,,,,https://handlaprivatkund.ica.se/stores/1004181/products/jasminris-2kg-ica-asia/1129842
Korv Stroganoff Kryddmix 50g Knorr,"22,90 kr","0.05kg 458,00 kr/kg",184 kcal,769 kJ,14 g,6.6 g,5.4 g,2.3 g,8.4 g,1.2 g,1.7 g,,,,,,,,,,,,,,,https://handlaprivatkund.ica.se/stores/1004181/products/korv-stroganoff-kryddmix-50g-knorr/1409036
Fullkornspasta Penne 500g Kungsörnen,"26,90 kr","0.5kg 53,80 kr/kg",352 kcal,1473 kJ,2 g,0.5 g,65 g,3 g,14 g,0.01 g,7 g,,,,,,,,,,,,,,,https://handlaprivatkund.ica.se/stores/1004181/products/fullkornspasta-penne-500g-kungs%C3%B6rnen/1458557
Cashewnötter 500g ICA Gott Liv,"108,00 kr","0.5kg 216,00 kr/kg",597 kcal,2499 kJ,48 g,8.7 g,19 g,5.9 g,18 g,0 g,8.3 g,,,4.7 mg,,,5 mg,257 mg,,,,,,,,https://handlaprivatkund.ica.se/stores/1004181/products/cashewn%C3%B6tter-500g-ica-gott-liv/1383746
Bryggkaffe Mellanrost perfekt med mjölk 450g Löfbergs,"88,00 kr","0.45kg 195,56 kr/kg",,,,,,,,,,,,,,,,,,,,,,,,https://handlaprivatkund.ica.se/stores/1004181/products/bryggkaffe-mellanrost-perfekt-med-mj%C3%B6lk-450g-l%C3%B6fbergs/2012278
Oliver Halkidiki Urkärnade 500g ICA,"52,00 kr","0.25kg 208,00 kr/kg u. spad",205 kcal,858 kJ,21 g,3.2 g,1.9 g,0 g,1.1 g,2.9 g,,,,,,,,,,,,,,,,https://handlaprivatkund.ica.se/stores/1004181/products/oliver-halkidiki-urk%C3%A4rnade-500g-ica/1465979
Körsbärstomater Pomodorini di collina 400g Mutti,"26,90 kr","0.24kg 112,08 kr/kg u. spad",28 kcal,117 kJ,0.5 g,0.1 g,4.4 g,3.4 g,1.2 g,0.01 g,,,,,,,,,,,,,,,,https://handlaprivatkund.ica.se/stores/1004181/products/k%C3%B6rsb%C3%A4rstomater-pomodorini-di-collina-400g-mutti/1353592
Fajita Kryddmix Original Medium 28g Santa Maria,"17,90 kr","0.028kg 639,29 kr/kg",269 kcal,1129 kJ,4.4 g,0.64 g,36 g,11 g,14 g,18.1 g,14 g,,,,,,,,,,,,,,,https://handlaprivatkund.ica.se/stores/1004181/products/fajita-kryddmix-original-medium-28g-santa-maria/1509089
Asia Sweet Chili Sås Original 500ml Santa Maria,"36,90 kr","0.5L 73,80 kr/l",178 kcal,746 kJ,0.2 g,0 g,43 g,40 g,0 g,2.8 g,1 g,,,,,,,,,,,,,,,https://handlaprivatkund.ica.se/stores/1004181/products/asia-sweet-chili-s%C3%A5s-original-500ml-santa-maria/1497232
Sojasås Teriyaki 300ml ICA Asia,"53,00 kr","0.3L 176,67 kr/l",,,,,,,,,,,,,,,,,,,,,,,,https://handlaprivatkund.ica.se/stores/1004181/products/sojas%C3%A5s-teriyaki-300ml-ica-asia/2025653
Ketchup 1kg Heinz,"46,90 kr","1kg 46,90 kr/kg",102 kcal,435 kJ,0.1 g,0.1 g,23.2 g,22.8 g,1.2 g,1.8 g,,,,,,,,,,,,,,,,https://handlaprivatkund.ica.se/stores/1004181/products/ketchup-1kg-heinz/1007942
Strösocker 2kg ICA,"38,90 kr","2kg 19,45 kr/kg",400 kcal,1700 kJ,0 g,0 g,100 g,100 g,0 g,0 g,,,,,,,,,,,,,,,,https://handlaprivatkund.ica.se/stores/1004181/products/str%C3%B6socker-2kg-ica/2148166
Skivade & inlagda Rödbetor 560g ICA,"31,90 kr","0.35kg 91,14 kr/kg u. spad",80 kcal,340 kJ,0 g,0 g,17 g,15 g,1 g,1 g,,,,,,,,,,,,,,,,https://handlaprivatkund.ica.se/stores/1004181/products/skivade-inlagda-r%C3%B6dbetor-560g-ica/1008599
Kokosmjölk 200ml ICA Asia,"15,90 kr","0.2L 79,50 kr/l",,,,,,,,,,,,,,,,,,,,,,,,https://handlaprivatkund.ica.se/stores/1004181/products/kokosmj%C3%B6lk-200ml-ica-asia/2058328
Tonfisk i vatten 3-p 285g Abba,"60,00 kr","0.21kg 285,71 kr/kg u. spad",110 kcal,460 kJ,0.2 g,0 g,0 g,0 g,26 g,1 g,,,,,,,,,,,,,,,,https://handlaprivatkund.ica.se/stores/1004181/products/tonfisk-i-vatten-3-p-285g-abba/1481337
"Havregryn 1,5kg ICA","27,90 kr","1.5kg 18,60 kr/kg",370 kcal,1550 kJ,7 g,1.1 g,64 g,1 g,9.5 g,0 g,7.5 g,,0.3 mg,2.6 mg,,,3.4 mg,,30 µg,,,,,,,https://handlaprivatkund.ica.se/stores/1004181/products/havregryn-1-5kg-ica/1008471
Tortillachips Ost 450g ICA Basic,"26,90 kr","0.45kg 59,78 kr/kg",472 kcal,1979 kJ,20 g,9 g,64 g,1.5 g,6.6 g,1.2 g,4 g,,,,,,,,,,,,,,,https://handlaprivatkund.ica.se/stores/1004181/products/tortillachips-ost-450g-ica-basic/1410855
Timjan 15g Santa Maria,"35,90 kr","0.015kg 2 393,33 kr/kg",285 kcal,1182 kJ,7.4 g,2.7 g,27 g,1.7 g,9.1 g,0.14 g,37 g,,,,,,,,,,,,,,,https://handlaprivatkund.ica.se/stores/1004181/products/timjan-15g-santa-maria/2023105
Pasta Spaghetti 1000g Barilla,"29,90 kr","1kg 29,90 kr/kg",359 kcal,1521 kJ,2 g,0.5 g,71 g,3.5 g,13 g,0.01 g,3 g,,,,,,,,,,,,,,,https://handlaprivatkund.ica.se/stores/1004181/products/pasta-spaghetti-1000g-barilla/1007481
Tomater krossade 500g ICA Basic,"13,90 kr","0.5kg 27,80 kr/kg",20 kcal,90 kJ,0.5 g,0.5 g,3.7 g,3.6 g,0.8 g,0.1 g,1.2 g,,,,,,,,,,,,,,,https://handlaprivatkund.ica.se/stores/1004181/products/tomater-krossade-500g-ica-basic/2121137
Mini Taco Tubs 10p Santa Maria,"29,90 kr","0.086kg 347,67 kr/kg",483 kcal,1982 kJ,24 g,2.3 g,57 g,1.1 g,5.7 g,1.5 g,6.6 g,,,,,,,,,,,,,,,https://handlaprivatkund.ica.se/stores/1004181/products/mini-taco-tubs-10p-santa-maria/2126545
Müsli Tranbär & pumpafrön 750g ICA Gott Liv,"39,90 kr","0.75kg 53,20 kr/kg",369 kcal,1557 kJ,6.7 g,1.2 g,62 g,8.7 g,11 g,0.46 g,8.6 g,,,,,,,,,,,,,,,https://handlaprivatkund.ica.se/stores/1004181/products/m%C3%BCsli-tranb%C3%A4r-pumpafr%C3%B6n-750g-ica-gott-liv/1333461
Havregryn 1kg Gyllenhammars,"28,90 kr","1kg 28,90 kr/kg",367 kcal,1536 kJ,6.8 g,1.3 g,58 g,1.1 g,13 g,0.01 g,10 g,,0.38 mg,,,,,129 mg,38.3 µg,417 mg,,,,,,https://handlaprivatkund.ica.se/stores/1004181/products/havregryn-1kg-gyllenhammars/1004772
Krossade Tomater 390g KRAV ICA I love eco,"18,90 kr","0.39kg 48,46 kr/kg",40 kcal,150 kJ,0.3 g,0 g,5.3 g,5.3 g,1.5 g,0.1 g,3 g,,,,,,,,,,,,,,,https://handlaprivatkund.ica.se/stores/1004181/products/krossade-tomater-390g-krav-ica-i-love-eco/1479745
Rostad lök 150g ICA,"20,90 kr","0.15kg 139,33 kr/kg",590 kcal,2450 kJ,44 g,21 g,40 g,9 g,6 g,1.2 g,5 g,,,,,,,,,,,,,,,https://handlaprivatkund.ica.se/stores/1004181/products/rostad-l%C3%B6k-150g-ica/1411011
Oliver Grekiska Gröna Urkärnade 227g ICA,"25,90 kr","0.12kg 215,83 kr/kg u. spad",190 kcal,800 kJ,21 g,3 g,1 g,0.5 g,1 g,0.4 g,2.5 g,,,,,,,,,,,,,,,https://handlaprivatkund.ica.se/stores/1004181/products/oliver-grekiska-gr%C3%B6na-urk%C3%A4rnade-227g-ica/1439133
Köttbuljong 12-p 6l Knorr,"25,90 kr","6L 4,32 kr/l drickklar",6 kcal,27 kJ,0.5 g,0.3 g,0.5 g,0.5 g,0.5 g,0.86 g,0.5 g,,,,,,,,,,,,,,,https://handlaprivatkund.ica.se/stores/1004181/products/k%C3%B6ttbuljong-12-p-6l-knorr/1502472
Kalvfond 180ml Touch of Taste,"46,90 kr","4L 11,73 kr/l drickklar",2 kcal,10 kJ,0.5 g,0.1 g,0.5 g,0.1 g,0.5 g,0.7 g,,,,,,,,,,,,,,,,https://handlaprivatkund.ica.se/stores/1004181/products/kalvfond-180ml-touch-of-taste/1008242
Äggnudlar 250g ICA Asia,"16,90 kr","0.25kg 67,60 kr/kg",380 kcal,1650 kJ,3.5 g,1.2 g,71 g,1 g,14 g,1.9 g,9.8 g,,,,,,,,,,,,,,,https://handlaprivatkund.ica.se/stores/1004181/products/%C3%A4ggnudlar-250g-ica-asia/1026382
Bearnaise 450ml Rydbergs,"55,00 kr","0.45L 122,22 kr/l",650 kcal,2750 kJ,74 g,5.7 g,0.7 g,0.4 g,0.9 g,1.1 g,,,,,,,,,,,,,,,,https://handlaprivatkund.ica.se/stores/1004181/products/bearnaise-450ml-rydbergs/2010179
Kikärtor 380g ICA,"14,90 kr","0.23kg 64,78 kr/kg u. spad",130 kcal,550 kJ,2.2 g,0.5 g,17 g,0.7 g,6.7 g,0.5 g,5.8 g,,,,,,,,,,,,,,,https://handlaprivatkund.ica.se/stores/1004181/products/kik%C3%A4rtor-380g-ica/1378514
Kanel Malen 40g Santa Maria,"31,90 kr","0.04kg 797,50 kr/kg",243 kcal,1005 kJ,1.2 g,0.3 g,27 g,2.2 g,4 g,0.03 g,53 g,,,,,,,,,,,,,,,https://handlaprivatkund.ica.se/stores/1004181/products/kanel-malen-40g-santa-maria/2023165
Teriyakisås 300ml Santa Maria,"59,00 kr","0.3L 196,67 kr/l",179 kcal,762 kJ,0 g,0 g,40 g,36 g,2.8 g,5.6 g,0.7 g,,,,,,,,,,,,,,,https://handlaprivatkund.ica.se/stores/1004181/products/teriyakis%C3%A5s-300ml-santa-maria/1004151
Riven Kokos 200g ICA,"26,90 kr","0.2kg 134,50 kr/kg",675 kcal,2779 kJ,65 g,57 g,6.4 g,6 g,8.1 g,0.01 g,,,,,,,,,,,,,,,,https://handlaprivatkund.ica.se/stores/1004181/products/riven-kokos-200g-ica/2128295
Pasta Gemelli 500g ICA,"18,90 kr","0.5kg 37,80 kr/kg",360 kcal,1504 kJ,1.2 g,0.5 g,72 g,3 g,12 g,0 g,3.1 g,,,,,,,,,,,,,,,https://handlaprivatkund.ica.se/stores/1004181/products/pasta-gemelli-500g-ica/2109800
Pasta Spaghetti Glutenfri 400g Barilla,"24,90 kr","0.4kg 62,25 kr/kg",358 kcal,1518 kJ,1.5 g,0.3 g,79 g,0.5 g,6.5 g,0.01 g,1.1 g,,,,,,,,,,,,,,,https://handlaprivatkund.ica.se/stores/1004181/products/pasta-spaghetti-glutenfri-400g-barilla/1467303
Dip Nacho Cheese Style 250g Santa Maria,"40,90 kr","0.25kg 163,60 kr/kg",130 kcal,540 kJ,9.9 g,1.9 g,7.7 g,2.3 g,2.5 g,2.2 g,,,,,,,,,,,,,,,,https://handlaprivatkund.ica.se/stores/1004181/products/dip-nacho-cheese-style-250g-santa-maria/1130001
Nyponsoppa 1l lCA,"17,90 kr","1L 17,90 kr/l",51 kcal,216 kJ,0 g,0 g,12 g,11 g,0 g,0.01 g,,,,,,,,,,,25 mg,,,,,https://handlaprivatkund.ica.se/stores/1004181/products/nyponsoppa-1l-lca/1131804
Strösocker 1kg ICA,"28,90 kr","1kg 28,90 kr/kg",400 kcal,1700 kJ,0 g,0 g,100 g,100 g,0 g,0 g,,,,,,,,,,,,,,,,https://handlaprivatkund.ica.se/stores/1004181/products/str%C3%B6socker-1kg-ica/1286601
Salt Finkornigt med Jod 600g Falksalt,"17,90 kr","0.6kg 29,83 kr/kg",,,,,,,,,,,,,,,,,,,,,,,,https://handlaprivatkund.ica.se/stores/1004181/products/salt-finkornigt-med-jod-600g-falksalt/1006123
Pesto Tomat 185g ICA,"31,90 kr","0.185kg 172,43 kr/kg",,,,,,,,,,,,,,,,,,,,,,,,https://handlaprivatkund.ica.se/stores/1004181/products/pesto-tomat-185g-ica/1302239
Nudlar Champinjonsmak 85g Samyang,"8,90 kr","0.085kg 104,71 kr/kg",441 kcal,1845 kJ,17 g,8 g,63 g,2 g,9 g,5 g,2 g,,,,,,,,,,,,,,,https://handlaprivatkund.ica.se/stores/1004181/products/nudlar-champinjonsmak-85g-samyang/1003166
Majs 3-p 480g Green Giant,"36,90 kr","0.42kg 87,86 kr/kg u. spad",77 kcal,324 kJ,1.7 g,0.4 g,11.8 g,7.4 g,2.4 g,0.4 g,2.5 g,,,,,,,,,,,,,,,https://handlaprivatkund.ica.se/stores/1004181/products/majs-3-p-480g-green-giant/2014681
Kidneybönor 380g ICA,"14,90 kr","0.23kg 64,78 kr/kg u. spad",90 kcal,390 kJ,0.6 g,0.5 g,12 g,0.5 g,6.5 g,0.5 g,6.7 g,,,,,,,,,,,,,,,https://handlaprivatkund.ica.se/stores/1004181/products/kidneyb%C3%B6nor-380g-ica/1378515
Stora Bönor Vita 380g ICA,"14,90 kr","0.23kg 64,78 kr/kg u. spad",90 kcal,390 kJ,0.5 g,0 g,14 g,0.5 g,5.4 g,0.5 g,7.3 g,,,,,,,,,,,,,,,https://handlaprivatkund.ica.se/stores/1004181/products/stora-b%C3%B6nor-vita-380g-ica/1378512
Bryggkaffe Franskrost 500g Arvid Nordquist Classic,"103,00 kr","0.5kg 206,00 kr/kg",,,,,,,,,,,,,,,,,,,,,,,,https://handlaprivatkund.ica.se/stores/1004181/products/bryggkaffe-franskrost-500g-arvid-nordquist-classic/1004402
Finkrossade Tomater Polpa 400g Mutti,"24,90 kr","0.4kg 62,25 kr/kg",26 kcal,110 kJ,0.2 g,0.1 g,3.9 g,2.8 g,1.2 g,0.3 g,,,,,,,,,,,,,,,,https://handlaprivatkund.ica.se/stores/1004181/products/finkrossade-tomater-polpa-400g-mutti/1403821
Smörgåsgurka 715g Felix,"42,90 kr","0.45kg 95,33 kr/kg u. spad",56 kcal,235 kJ,0 g,0 g,12 g,12 g,1 g,1.7 g,,,,,,,,,,,,,,,,https://handlaprivatkund.ica.se/stores/1004181/products/sm%C3%B6rg%C3%A5sgurka-715g-felix/1481197
Kaffe GranDia 500g Arvid Nordquist Classic,"103,00 kr","0.5kg 206,00 kr/kg",,,,,,,,,,,,,,,,,,,,,,,,https://handlaprivatkund.ica.se/stores/1004181/products/kaffe-grandia-500g-arvid-nordquist-classic/1003808
Passerade tomater 390g ICA,"14,90 kr","0.39kg 38,21 kr/kg",20 kcal,90 kJ,0 g,0 g,3.6 g,3.1 g,1.1 g,0.5 g,0.7 g,,,,,,,,,,,,,,,https://handlaprivatkund.ica.se/stores/1004181/products/passerade-tomater-390g-ica/2119128
Olivolja Mild 500ml ICA,"74,00 kr","0.5L 148,00 kr/l",850 kcal,3400 kJ,92 g,15 g,0 g,0 g,0 g,0 g,,,,,68 g,9 g,,,,,,,,,,https://handlaprivatkund.ica.se/stores/1004181/products/olivolja-mild-500ml-ica/1433613
Dippmix Guacamole 15g Santa Maria,"13,90 kr","0.015kg 926,67 kr/kg",309 kcal,1307 kJ,2.3 g,0.2 g,63 g,6.8 g,6.1 g,12.1 g,6.8 g,,,,,,,,,,,,,,,https://handlaprivatkund.ica.se/stores/1004181/products/dippmix-guacamole-15g-santa-maria/1519347
Pasta Tortellini Ost & Skinka Färsk 250g ICA,"40,90 kr","0.25kg 163,60 kr/kg",282 kcal,1186 kJ,7 g,2.2 g,42 g,3.7 g,11 g,0.79 g,,,,,,,,,,,,,,,,https://handlaprivatkund.ica.se/stores/1004181/products/pasta-tortellini-ost-skinka-f%C3%A4rsk-250g-ica/2116959
Soft tortillas Large 6-p 370g ICA,"25,90 kr","0.37kg 70,00 kr/kg",327 kcal,1378 kJ,7.3 g,0.9 g,55 g,3.2 g,9.4 g,0.9 g,2.3 g,,,,,,,,,,,,,,,https://handlaprivatkund.ica.se/stores/1004181/products/soft-tortillas-large-6-p-370g-ica/1289334
Curry 34g Santa Maria,"35,90 kr","0.034kg 1 055,88 kr/kg",331 kcal,1376 kJ,11 g,1.5 g,29 g,1.8 g,14 g,0.12 g,30 g,,,,,,,,,,,,,,,https://handlaprivatkund.ica.se/stores/1004181/products/curry-34g-santa-maria/2023277
Blåbärssoppa Original 1l Ekströms,"27,90 kr","1L 27,90 kr/l",51 kcal,215 kJ,0 g,0 g,12 g,9.7 g,0 g,0 g,,,,,,,,,,,25 mg,,,,,https://handlaprivatkund.ica.se/stores/1004181/products/bl%C3%A5b%C3%A4rssoppa-original-1l-ekstr%C3%B6ms/1287592
Redning Ljus 250g Maizena,"21,90 kr","0.25kg 87,60 kr/kg",370 kcal,1600 kJ,0.1 g,0.1 g,90 g,26 g,0.6 g,0.013 g,0.2 g,,,,,,,,,,,,,,,https://handlaprivatkund.ica.se/stores/1004181/products/redning-ljus-250g-maizena/1006087
Pilsnerkorv 455g Bullens,"37,90 kr","0.25kg 151,60 kr/kg",200 kcal,800 kJ,14 g,5 g,6 g,0.8 g,10 g,2.3 g,,,,,,,,,,,,,,,,https://handlaprivatkund.ica.se/stores/1004181/products/pilsnerkorv-455g-bullens/2068950
Kikärtor 380g ICA I Love Eco,"18,90 kr","0.23kg 82,17 kr/kg u. spad",,,,,,,,,,,,,,,,,,,,,,,,https://handlaprivatkund.ica.se/stores/1004181/products/kik%C3%A4rtor-380g-ica-i-love-eco/1502638
Ris Långkornigt 1kg Ben´s Original,"49,90 kr","1kg 49,90 kr/kg",220 kcal,931 kJ,0.7 g,0.1 g,48 g,0.5 g,4.6 g,0.01 g,1.1 g,,,,,,,,,,,,,,,https://handlaprivatkund.ica.se/stores/1004181/products/ris-l%C3%A5ngkornigt-1kg-ben-s-original/2086758
Jäst för matbröd 50g Kronjäst,"4,90 kr","0.05kg 98,00 kr/kg",108 kcal,452 kJ,1.7 g,0.3 g,6 g,4.4 g,13 g,0.05 g,8.1 g,,,,,,,,,,,,,,,https://handlaprivatkund.ica.se/stores/1004181/products/j%C3%A4st-f%C3%B6r-matbr%C3%B6d-50g-kronj%C3%A4st/1023357
Pesto Basilika 185g ICA,"31,90 kr","0.185kg 172,43 kr/kg",,,,,,,,,,,,,,,,,,,,,,,,https://handlaprivatkund.ica.se/stores/1004181/products/pesto-basilika-185g-ica/2054268
Ättika 12% 500ml ICA,"18,90 kr","0.5L 37,80 kr/l",,,,,,,,,,,,,,,,,,,,,,,,https://handlaprivatkund.ica.se/stores/1004181/products/%C3%A4ttika-12-500ml-ica/2104767
Tonfisk i vatten 200g Abba,"41,90 kr","0.15kg 279,33 kr/kg u. spad",110 kcal,460 kJ,0.2 g,0 g,0 g,0 g,26 g,1 g,,,,,,,,,,,,,,,,https://handlaprivatkund.ica.se/stores/1004181/products/tonfisk-i-vatten-200g-abba/1481202
Nudlar Biff 85g Samyang,"8,90 kr","0.085kg 104,71 kr/kg",435 kcal,1821 kJ,15.3 g,8.2 g,64.7 g,2.4 g,8.2 g,4.9 g,4 g,,,,,,,,,,,,,,,https://handlaprivatkund.ica.se/stores/1004181/products/nudlar-biff-85g-samyang/1003163
Pasta Strozzapreti 400g Zeta,"26,90 kr","0.4kg 67,25 kr/kg",367 kcal,1555 kJ,1.5 g,0.5 g,73 g,3 g,14 g,0 g,2.5 g,,,,,,,,,,,,,,,https://handlaprivatkund.ica.se/stores/1004181/products/pasta-strozzapreti-400g-zeta/1401710
Majskorn 150g 3-pack ICA Basic,"28,90 kr","0.42kg 68,81 kr/kg u. spad",80 kcal,334 kJ,1.5 g,0.3 g,12.9 g,5.8 g,2.1 g,0.4 g,3.2 g,,,,,,,,,,,,,,,https://handlaprivatkund.ica.se/stores/1004181/products/majskorn-150g-3-pack-ica-basic/1410859
Kryddmix Chicken Thai Wok påse 30g Santa Maria,"25,90 kr","0.03kg 863,33 kr/kg",283 kcal,1197 kJ,2.1 g,0.5 g,56 g,27 g,5.8 g,17.1 g,8.6 g,,,,,,,,,,,,,,,https://handlaprivatkund.ica.se/stores/1004181/products/kryddmix-chicken-thai-wok-p%C3%A5se-30g-santa-maria/1528462
Nacho Chips 185g Santa Maria,"19,90 kr","0.185kg 107,57 kr/kg",474 kcal,1988 kJ,20 g,1.8 g,65 g,1.1 g,6.3 g,0.9 g,4.5 g,,,,,,,,,,,,,,,https://handlaprivatkund.ica.se/stores/1004181/products/nacho-chips-185g-santa-maria/2126537
Kokosmjölk Lätt 400ml ICA Asia,"18,90 kr","0.4L 47,25 kr/l",,,,,,,,,,,,,,,,,,,,,,,,https://handlaprivatkund.ica.se/stores/1004181/products/kokosmj%C3%B6lk-l%C3%A4tt-400ml-ica-asia/1215120
Risnudlar 180g Santa Maria,"27,90 kr","0.18kg 155,00 kr/kg",358 kcal,1519 kJ,0 g,0.1 g,82 g,0 g,6.4 g,0.1 g,1.1 g,,,,,,,,,,,,,,,https://handlaprivatkund.ica.se/stores/1004181/products/risnudlar-180g-santa-maria/1519450
Strösocker 2kg Dansukker,"36,90 kr","2kg 18,45 kr/kg",400 kcal,1700 kJ,0 g,0 g,100 g,100 g,0 g,0 g,,,,,,,,,,,,,,,,https://handlaprivatkund.ica.se/stores/1004181/products/str%C3%B6socker-2kg-dansukker/1129427
Svenska Havrekuddar 375g ICA,"33,90 kr","0.375kg 90,40 kr/kg",390 kcal,1626 kJ,7.3 g,1.3 g,60 g,11 g,13 g,0.9 g,14 g,,,,,,,,,,,,,,,https://handlaprivatkund.ica.se/stores/1004181/products/svenska-havrekuddar-375g-ica/1303440
Krossade tomater 3-p 1170g ICA,"40,90 kr","1.17kg 34,96 kr/kg",20 kcal,90 kJ,0.5 g,0.5 g,3.7 g,3.6 g,0.8 g,0.1 g,1.2 g,,,,,,,,,,,,,,,https://handlaprivatkund.ica.se/stores/1004181/products/krossade-tomater-3-p-1170g-ica/2141387
Havreringar Fullkorn 350g Frebaco,"28,90 kr","0.35kg 82,57 kr/kg",370 kcal,1550 kJ,3.2 g,0.6 g,68 g,2.3 g,12 g,0.8 g,7.4 g,,,,,,,,,,,,,,,https://handlaprivatkund.ica.se/stores/1004181/products/havreringar-fullkorn-350g-frebaco/1475971
Vetemjöl 2kg ICA,"21,90 kr","2kg 10,95 kr/kg",340 kcal,1450 kJ,1.5 g,0.5 g,71 g,0.5 g,10 g,0.01 g,3 g,,,,,,,,,,,,,,,https://handlaprivatkund.ica.se/stores/1004181/products/vetemj%C3%B6l-2kg-ica/1200395
Farfalle 500g ICA,"18,90 kr","0.5kg 37,80 kr/kg",350 kcal,1500 kJ,1.3 g,0.5 g,73 g,3.2 g,11 g,0 g,2.7 g,,,,,,,,,,,,,,,https://handlaprivatkund.ica.se/stores/1004181/products/farfalle-500g-ica/1406100
Kryddmix Asian Spices Paneng Red curry 32g Santa Maria,"25,90 kr","0.032kg 809,38 kr/kg",306 kcal,1291 kJ,3.5 g,0.7 g,58 g,42 g,6.8 g,14.2 g,8.1 g,,,,,,,,,,,,,,,https://handlaprivatkund.ica.se/stores/1004181/products/kryddmix-asian-spices-paneng-red-curry-32g-santa-maria/1497115
Oxfond med Rödvin 180ml Touch of Taste,"46,90 kr","4L 11,73 kr/l drickklar",2 kcal,10 kJ,0.5 g,0.1 g,0.5 g,0.1 g,0.5 g,0.7 g,,,,,,,,,,,,,,,,https://handlaprivatkund.ica.se/stores/1004181/products/oxfond-med-r%C3%B6dvin-180ml-touch-of-taste/1130117
Kokosgrädde 400ml ICA Asia,"36,90 kr","0.4L 92,25 kr/l",,,,,,,,,,,,,,,,,,,,,,,,https://handlaprivatkund.ica.se/stores/1004181/products/kokosgr%C3%A4dde-400ml-ica-asia/1438035
Tortillachips Cheese 200g ICA,"16,90 kr","0.2kg 84,50 kr/kg",472 kcal,1979 kJ,20 g,2 g,64 g,1.5 g,6.6 g,1.4 g,4 g,,,,,,,,,,,,,,,https://handlaprivatkund.ica.se/stores/1004181/products/tortillachips-cheese-200g-ica/1381888
Kakao Ögon Cacao 400g Fazer,"99,00 kr","0.4kg 247,50 kr/kg",391 kcal,1634 kJ,21 g,13 g,12 g,0.3 g,22 g,0.02 g,,,,,,,,,,,,,,,,https://handlaprivatkund.ica.se/stores/1004181/products/kakao-%C3%B6gon-cacao-400g-fazer/1457428
Pumpakärnor 300g Risenta,"53,00 kr","0.3kg 176,67 kr/kg",559 kcal,2339 kJ,49 g,8.7 g,4.7 g,1.4 g,30 g,0.02 g,6 g,,,7.8 mg,16 g,21 g,8.8 mg,592 mg,,,,,,,,https://handlaprivatkund.ica.se/stores/1004181/products/pumpak%C3%A4rnor-300g-risenta/2093008
Nacho Chips 475g Santa Maria,"44,90 kr","0.475kg 94,53 kr/kg",472 kcal,1979 kJ,20 g,2 g,64.4 g,0.8 g,6.6 g,0.9 g,4 g,,,,,,,,,,,,,,,https://handlaprivatkund.ica.se/stores/1004181/products/nacho-chips-475g-santa-maria/2126698
Jordgubbskräm 1l ICA,"29,90 kr","1L 29,90 kr/l",83 kcal,354 kJ,0 g,0 g,20 g,18 g,0 g,0.05 g,0.9 g,,,,,,,,,,40 mg,,,,,https://handlaprivatkund.ica.se/stores/1004181/products/jordgubbskr%C3%A4m-1l-ica/1303064
Jordnötssmör crunchy med havssalt 600g ICA I love eco,"77,00 kr","0.6kg 128,33 kr/kg",627 kcal,2598 kJ,50 g,6.4 g,13 g,5.5 g,27 g,0.7 g,,,,,,,,,,,,,,,,https://handlaprivatkund.ica.se/stores/1004181/products/jordn%C3%B6tssm%C3%B6r-crunchy-med-havssalt-600g-ica-i-love-eco/2125251
Bulgur 500g ICA,"22,90 kr","0.5kg 45,80 kr/kg",360 kcal,1500 kJ,2 g,0.5 g,68 g,1 g,13 g,0 g,6 g,,,,,,,,,,,,,,,https://handlaprivatkund.ica.se/stores/1004181/products/bulgur-500g-ica/1373786
"Currysås 2,25dl 3-p Blå Band","20,90 kr","0.675L 30,96 kr/l",195 kcal,814 kJ,18 g,12 g,6.3 g,2.4 g,1.1 g,1 g,0.4 g,,,,,,,,,,,,,,,https://handlaprivatkund.ica.se/stores/1004181/products/currys%C3%A5s-2-25dl-3-p-bl%C3%A5-band/1446820
Vita bönor i tomatsås 380g ICA Basic,"9,90 kr","0.38kg 26,05 kr/kg",84 kcal,353 kJ,0.6 g,0.1 g,14 g,5.7 g,3.8 g,1 g,3.5 g,,,,,,,,,,,,,,,https://handlaprivatkund.ica.se/stores/1004181/products/vita-b%C3%B6nor-i-tomats%C3%A5s-380g-ica-basic/2116926
Kaffefilter Nummer 4 200p ICA Basic,"25,90 kr","200 per frp 0,13 kr/st",,,,,,,,,,,,,,,,,,,,,,,,https://handlaprivatkund.ica.se/stores/1004181/products/kaffefilter-nummer-4-200p-ica-basic/2115936
Vetemjöl 2kg Kungsörnen,"25,90 kr","2kg 12,95 kr/kg",346 kcal,1447 kJ,1.6 g,0.4 g,70 g,0.3 g,10 g,0 g,3.5 g,,,,,,,,,,,,,,,https://handlaprivatkund.ica.se/stores/1004181/products/vetemj%C3%B6l-2kg-kungs%C3%B6rnen/1502241
Granola Hasseln&Dadlar 450g Pauluns,"66,00 kr","0.45kg 146,67 kr/kg",444 kcal,1859 kJ,21 g,1.6 g,43 g,10 g,11 g,0.48 g,22 g,,0.34 mg,2.4 mg,,,,,,,,6.2 mg,,,,https://handlaprivatkund.ica.se/stores/1004181/products/granola-hasseln-dadlar-450g-pauluns/1441051
Special K Classic 600g Kelloggs,"77,00 kr","0.6kg 128,33 kr/kg",393 kcal,1667 kJ,1.3 g,0.3 g,84 g,12 g,8.3 g,0.94 g,6.2 g,,,,,,,,,,,,,,,https://handlaprivatkund.ica.se/stores/1004181/products/special-k-classic-600g-kelloggs/1519242
Tomatpuré 360g ICA,"32,90 kr","0.36kg 91,39 kr/kg",90 kcal,383 kJ,0.4 g,0 g,16 g,16 g,4.5 g,0.13 g,,,,,,,,,,,,,,,,https://handlaprivatkund.ica.se/stores/1004181/products/tomatpur%C3%A9-360g-ica/2105254
Linguine 800g Zeta,"36,90 kr","0.8kg 46,13 kr/kg",367 kcal,1555 kJ,1.5 g,0.5 g,73 g,3 g,14 g,0 g,2.5 g,,,,,,,,,,,,,,,https://handlaprivatkund.ica.se/stores/1004181/products/linguine-800g-zeta/1483998
Kokosmjölk Ekologisk 400ml ICA,"28,90 kr","0.4L 72,25 kr/l",180 kcal,750 kJ,17 g,16 g,6.1 g,2.5 g,0.9 g,0.07 g,,,,,,,,,,,,,,,,https://handlaprivatkund.ica.se/stores/1004181/products/kokosmj%C3%B6lk-ekologisk-400ml-ica/2001695
Nyponsoppa utan tillsatt socker 1l Ekströms,"27,90 kr","1L 27,90 kr/l",16 kcal,67 kJ,0 g,0 g,3.5 g,1.3 g,0 g,0 g,,,,,,,,,,,25 mg,,,,,https://handlaprivatkund.ica.se/stores/1004181/products/nyponsoppa-utan-tillsatt-socker-1l-ekstr%C3%B6ms/1287599
Champinjoner Hela 290g ICA,"19,90 kr","0.17kg 117,06 kr/kg u. spad",18 kcal,80 kJ,0.5 g,0 g,0.5 g,0 g,2.4 g,0.6 g,2.5 g,,,,,,,,,,,,,,,https://handlaprivatkund.ica.se/stores/1004181/products/champinjoner-hela-290g-ica/1390017
Vitlökspulver Malen 52g ICA,"30,90 kr","0.052kg 594,23 kr/kg",,,,,,,,,,,,,,,,,,,,,,,,https://handlaprivatkund.ica.se/stores/1004181/products/vitl%C3%B6kspulver-malen-52g-ica/1286731
Pineapple Salsa 230g Santa Maria,"31,90 kr","0.23kg 138,70 kr/kg",43 kcal,183 kJ,0 g,0 g,9.2 g,8.4 g,0.8 g,0.53 g,1.1 g,,,,,,,,,,,,,,,https://handlaprivatkund.ica.se/stores/1004181/products/pineapple-salsa-230g-santa-maria/1519341
Gnocchi Pasta 500g ICA,"18,90 kr","0.5kg 37,80 kr/kg",360 kcal,1504 kJ,1.2 g,0.5 g,72 g,3 g,12 g,0 g,3 g,,,,,,,,,,,,,,,https://handlaprivatkund.ica.se/stores/1004181/products/gnocchi-pasta-500g-ica/2036768
Risnudlar 180g ICA Asia,"24,90 kr","0.18kg 138,33 kr/kg",,,,,,,,,,,,,,,,,,,,,,,,https://handlaprivatkund.ica.se/stores/1004181/products/risnudlar-180g-ica-asia/2019307
Finkrossade Tomater Vitlök 390g ICA,"17,90 kr","0.39kg 45,90 kr/kg",30 kcal,130 kJ,0.4 g,0 g,5 g,4.7 g,1.2 g,1 g,1.1 g,,,,,,,,,,,,,,,https://handlaprivatkund.ica.se/stores/1004181/products/finkrossade-tomater-vitl%C3%B6k-390g-ica/1466014
Tacosås Medium 220g ICA,"16,90 kr","0.22kg 76,82 kr/kg",53 kcal,226 kJ,0.5 g,0.5 g,11 g,5.5 g,1.5 g,0.95 g,,,,,,,,,,,,,,,,https://handlaprivatkund.ica.se/stores/1004181/products/tacos%C3%A5s-medium-220g-ica/1301724
Penne Rigate 500g ICA,"18,90 kr","0.5kg 37,80 kr/kg",360 kcal,1504 kJ,1.2 g,0.5 g,72 g,3 g,12 g,0 g,3.1 g,,,,,,,,,,,,,,,https://handlaprivatkund.ica.se/stores/1004181/products/penne-rigate-500g-ica/1007761
Ugn & grillfolie 40cm 10m ICA,"36,90 kr","10m 3,69 kr/m",,,,,,,,,,,,,,,,,,,,,,,,https://handlaprivatkund.ica.se/stores/1004181/products/ugn-grillfolie-40cm-10m-ica/1406159
Salladskrydda Italiensk 52g Santa Maria,"31,90 kr","0.052kg 613,46 kr/kg",201 kcal,848 kJ,1.7 g,0.4 g,35 g,13 g,7.2 g,40.1 g,8.7 g,,,,,,,,,,,,,,,https://handlaprivatkund.ica.se/stores/1004181/products/salladskrydda-italiensk-52g-santa-maria/2023190
Pasta Risoni 500g Barilla,"24,90 kr","0.5kg 49,80 kr/kg",359 kcal,1521 kJ,2 g,0.5 g,72 g,3.5 g,12 g,0.01 g,3 g,,,,,,,,,,,,,,,https://handlaprivatkund.ica.se/stores/1004181/products/pasta-risoni-500g-barilla/2068409
Krydda Svartpeppar Hel påse 70g Santa Maria,"38,90 kr","0.07kg 555,71 kr/kg",276 kcal,1158 kJ,3.3 g,1.4 g,39 g,0.6 g,10 g,0.05 g,25 g,,,,,,,,,,,,,,,https://handlaprivatkund.ica.se/stores/1004181/products/krydda-svartpeppar-hel-p%C3%A5se-70g-santa-maria/1528726
Fryspåsar 3l 30-p Miljömärk ICA Basic,"11,90 kr","30 per frp 0,40 kr/st",,,,,,,,,,,,,,,,,,,,,,,,https://handlaprivatkund.ica.se/stores/1004181/products/frysp%C3%A5sar-3l-30-p-milj%C3%B6m%C3%A4rk-ica-basic/2021890
Russin Kärnfria 500g ICA,"64,00 kr","0.5kg 128,00 kr/kg",,,,,,,,,,,,,,,,,,,,,,,,https://handlaprivatkund.ica.se/stores/1004181/products/russin-k%C3%A4rnfria-500g-ica/1026322
Cheerios Fullkorn 375g Nestle,"51,00 kr","0.375kg 136,00 kr/kg",384 kcal,1621 kJ,4.8 g,0.9 g,70.1 g,17.7 g,10.1 g,0.81 g,9.8 g,,,,,,,,,,,,,,,https://handlaprivatkund.ica.se/stores/1004181/products/cheerios-fullkorn-375g-nestle/1508865
Svartpeppar Mellanmalen 30g Santa Maria,"36,90 kr","0.03kg 1 230,00 kr/kg",276 kcal,1158 kJ,3.3 g,1.4 g,39 g,0.6 g,10 g,0.05 g,25 g,,,,,,,,,,,,,,,https://handlaprivatkund.ica.se/stores/1004181/products/svartpeppar-mellanmalen-30g-santa-maria/2023246
Pasta Spirali Tricolore 500g ICA,"18,90 kr","0.5kg 37,80 kr/kg",350 kcal,1500 kJ,1.4 g,0.5 g,72 g,3.9 g,11 g,0 g,3.2 g,,,,,,,,,,,,,,,https://handlaprivatkund.ica.se/stores/1004181/products/pasta-spirali-tricolore-500g-ica/1529808
Pasta Rigatoni 500g Barilla,"22,90 kr","0.5kg 45,80 kr/kg",359 kcal,1521 kJ,2 g,0.5 g,71 g,3.5 g,13 g,0.01 g,3 g,,,,,,,,,,,,,,,https://handlaprivatkund.ica.se/stores/1004181/products/pasta-rigatoni-500g-barilla/1366507
Pasta Fusilli Glutenfri 400g Barilla,"24,90 kr","0.4kg 62,25 kr/kg",359 kcal,1524 kJ,1.8 g,0.3 g,78.7 g,1.2 g,6.5 g,0.003 g,1.1 g,,,,,,,,,,,,,,,https://handlaprivatkund.ica.se/stores/1004181/products/pasta-fusilli-glutenfri-400g-barilla/1467304
Majs 3p 450g ICA,"32,90 kr","0.42kg 78,33 kr/kg u. spad",80 kcal,334 kJ,1.5 g,0 g,13 g,5.8 g,2.1 g,0.43 g,,,,,,,,,,,,,,,,https://handlaprivatkund.ica.se/stores/1004181/products/majs-3p-450g-ica/2141056
Pastasås Basilico 400g Barilla,"32,90 kr","0.4kg 82,25 kr/kg",64 kcal,268 kJ,2.6 g,0.3 g,7.6 g,5.9 g,1.6 g,0.9 g,1.9 g,,,,,,,,,,,,,,,https://handlaprivatkund.ica.se/stores/1004181/products/pastas%C3%A5s-basilico-400g-barilla/1008013
Pasta Penne Rigate 500g ICA Basic,"13,90 kr","0.5kg 27,80 kr/kg",364 kcal,1543 kJ,1.7 g,0.3 g,75 g,2.6 g,12 g,0.01 g,3.1 g,,,,,,,,,,,,,,,https://handlaprivatkund.ica.se/stores/1004181/products/pasta-penne-rigate-500g-ica-basic/2089171
Pizzasås Tomat 400g Mutti,"32,90 kr","0.4kg 82,25 kr/kg",36 kcal,150 kJ,0.5 g,0.1 g,5.4 g,4.2 g,1.6 g,0.75 g,,,,,,,,,,,,,,,,https://handlaprivatkund.ica.se/stores/1004181/products/pizzas%C3%A5s-tomat-400g-mutti/1489300
Rapsolja 1l ICA,"38,90 kr","1L 38,90 kr/l",828 kcal,3404 kJ,92 g,7 g,0 g,0 g,0 g,0 g,,,,,57 g,28 g,,,,,,,,,,https://handlaprivatkund.ica.se/stores/1004181/products/rapsolja-1l-ica/1026214
Tomatsås Basilika 400g Mutti,"46,90 kr","0.4kg 117,25 kr/kg",56 kcal,234 kJ,2.8 g,0.5 g,5.3 g,4.5 g,1.6 g,0.81 g,,,,,,,,,,,,,,,,https://handlaprivatkund.ica.se/stores/1004181/products/tomats%C3%A5s-basilika-400g-mutti/2087025
Köttfärssås Original 500g Findus,"36,90 kr","0.5kg 73,80 kr/kg",89 kcal,373 kJ,4.9 g,1.5 g,6.1 g,3.2 g,4.6 g,0.88 g,1.2 g,,,,,,,,,,,,,,,https://handlaprivatkund.ica.se/stores/1004181/products/k%C3%B6ttf%C3%A4rss%C3%A5s-original-500g-findus/1004405
Sötmandel 400g ICA Basic,"62,00 kr","0.4kg 155,00 kr/kg",614 kcal,2543 kJ,52 g,4.9 g,13 g,6.6 g,20 g,0.03 g,7.2 g,,,,,,,,,,,,,,,https://handlaprivatkund.ica.se/stores/1004181/products/s%C3%B6tmandel-400g-ica-basic/2109464
Fusilli Fullkorn 500g Kungsörnen,"26,90 kr","0.5kg 53,80 kr/kg",352 kcal,1473 kJ,2 g,0.5 g,65 g,3 g,14 g,0.01 g,7 g,,,,,,,,,,,,,,,https://handlaprivatkund.ica.se/stores/1004181/products/fusilli-fullkorn-500g-kungs%C3%B6rnen/1458555
Müsli Gold Original 750g AXA,"56,00 kr","0.75kg 74,67 kr/kg",380 kcal,1588 kJ,9.1 g,2.7 g,61 g,22 g,8.3 g,0.36 g,9.2 g,,,1.7 mg,,,3.1 mg,77 mg,,,,,,,,https://handlaprivatkund.ica.se/stores/1004181/products/m%C3%BCsli-gold-original-750g-axa/1003308
Nudlar Oriental 85g Samyang,"8,90 kr","0.085kg 104,71 kr/kg",435 kcal,1821 kJ,16.5 g,8.2 g,63.5 g,2.4 g,8.2 g,5 g,4 g,,,,,,,,,,,,,,,https://handlaprivatkund.ica.se/stores/1004181/products/nudlar-oriental-85g-samyang/1003161
Kokosmjölk 400ml ICA Asia,"19,90 kr","0.4L 49,75 kr/l",180 kcal,760 kJ,18 g,16 g,3 g,2.2 g,1.8 g,0.1 g,,,,,,,,,,,,,,,,https://handlaprivatkund.ica.se/stores/1004181/products/kokosmj%C3%B6lk-400ml-ica-asia/1026268
Pastasås Tomatsås med Vitlök 390g ICA,"30,90 kr","0.39kg 79,23 kr/kg",22 kcal,91 kJ,0.4 g,0 g,5 g,4.7 g,1.2 g,1.5 g,,,,,,,,,,,,,,,,https://handlaprivatkund.ica.se/stores/1004181/products/pastas%C3%A5s-tomats%C3%A5s-med-vitl%C3%B6k-390g-ica/1363338
Flingor Crunchy Yoghurt & jordgubb Mindre socker 725g ICA,"48,90 kr","0.725kg 67,45 kr/kg",438 kcal,1834 kJ,16 g,4.9 g,57 g,17 g,9.3 g,0.54 g,14 g,,,,,,,,,,,,,,,https://handlaprivatkund.ica.se/stores/1004181/products/flingor-crunchy-yoghurt-jordgubb-mindre-socker-725g-ica/2021884
Pasta Penne Rigate 500g Barilla,"22,90 kr","0.5kg 45,80 kr/kg",359 kcal,1521 kJ,2 g,0.5 g,71 g,3.5 g,13 g,0.01 g,3 g,,,,,,,,,,,,,,,https://handlaprivatkund.ica.se/stores/1004181/products/pasta-penne-rigate-500g-barilla/1007537
Bakchoklad Vit 100g ICA,"21,90 kr","0.1kg 219,00 kr/kg",540 kcal,2257 kJ,31 g,19 g,58 g,58 g,7.3 g,0.3 g,,,,,,,,,,,,,,,,https://handlaprivatkund.ica.se/stores/1004181/products/bakchoklad-vit-100g-ica/2111797
Finkrossade Tomater Basilika 390g ICA,"17,90 kr","0.39kg 45,90 kr/kg",40 kcal,170 kJ,0.5 g,0 g,7.5 g,4.6 g,1.5 g,1 g,0.9 g,,,,,,,,,,,,,,,https://handlaprivatkund.ica.se/stores/1004181/products/finkrossade-tomater-basilika-390g-ica/1466029
Gräddsås Klassisk 3dl 3-p Blå Band,"20,90 kr","0.9L 23,22 kr/l",57 kcal,238 kJ,2.2 g,1.4 g,6.4 g,3.3 g,2.6 g,0.8 g,0.1 g,,,,,,,,,,,,,,,https://handlaprivatkund.ica.se/stores/1004181/products/gr%C3%A4dds%C3%A5s-klassisk-3dl-3-p-bl%C3%A5-band/1446822
Snabbmakaroner 1kg ICA Basic,"21,90 kr","1kg 21,90 kr/kg",364 kcal,1543 kJ,1.7 g,0.3 g,75 g,2.6 g,12 g,0.01 g,3.1 g,,,,,,,,,,,,,,,https://handlaprivatkund.ica.se/stores/1004181/products/snabbmakaroner-1kg-ica-basic/2089174
Jasminris Boil in bag 500g Ben´s Original,"52,00 kr","0.5kg 104,00 kr/kg",136 kcal,577 kJ,0.5 g,0.1 g,31 g,0.5 g,2.7 g,0.01 g,0.5 g,,,,,,,,,,,,,,,https://handlaprivatkund.ica.se/stores/1004181/products/jasminris-boil-in-bag-500g-ben-s-original/2086770
Tonfisk i vatten 170g ICA Basic,"20,90 kr","0.12kg 174,17 kr/kg u. spad",110 kcal,440 kJ,1 g,0.5 g,0 g,0 g,24 g,1 g,,,,,,,,,,,,,,,,https://handlaprivatkund.ica.se/stores/1004181/products/tonfisk-i-vatten-170g-ica-basic/2092308
Classic sticks 47g Dextro Energy,"16,90 kr","0.047kg 359,57 kr/kg",367 kcal,1561 kJ,1 g,1 g,91 g,82 g,0 g,0.1 g,,,,,,,,,,,,,,,,https://handlaprivatkund.ica.se/stores/1004181/products/classic-sticks-47g-dextro-energy/1481016
Kokosmjölk Orginal 250ml Santa Maria,"24,90 kr","0.25L 99,60 kr/l",180 kcal,744 kJ,18 g,16 g,2.7 g,2.2 g,1.9 g,0.02 g,,,,,,,,,,,,,,,,https://handlaprivatkund.ica.se/stores/1004181/products/kokosmj%C3%B6lk-orginal-250ml-santa-maria/2043875
Japansk soya 440ml ICA Asia,"42,90 kr","0.44L 97,50 kr/l",130 kcal,550 kJ,0.5 g,0 g,23 g,7.5 g,7 g,16.8 g,,,,,,,,,,,,,,,,https://handlaprivatkund.ica.se/stores/1004181/products/japansk-soya-440ml-ica-asia/1506396
Bearnaisesås 3-p 6dl Blå Band,"20,90 kr","0.6L 34,83 kr/l",216 kcal,902 kJ,22 g,14 g,5 g,0.8 g,0.6 g,0.83 g,0.1 g,,,,,,,,,,,,,,,https://handlaprivatkund.ica.se/stores/1004181/products/bearnaises%C3%A5s-3-p-6dl-bl%C3%A5-band/1446815
Basmatiris 1kg ICA Asia,"53,00 kr","1kg 53,00 kr/kg",350 kcal,1500 kJ,0.5 g,0 g,78 g,0 g,8.2 g,0 g,1.6 g,,,,,,,,,,,,,,,https://handlaprivatkund.ica.se/stores/1004181/products/basmatiris-1kg-ica-asia/1331022
Grönsaksbuljong 12-p 6l Knorr,"25,90 kr","6L 4,32 kr/l drickklar",337 kcal,1411 kJ,26 g,18 g,21 g,5.6 g,4.7 g,42.8 g,1.4 g,,,,,,,,,,,,,,,https://handlaprivatkund.ica.se/stores/1004181/products/gr%C3%B6nsaksbuljong-12-p-6l-knorr/1508817
Ketchup 570g Heinz,"36,90 kr","0.57kg 64,74 kr/kg",102 kcal,435 kJ,0.1 g,0.1 g,23.2 g,22.8 g,1.2 g,,,,,,,,,,,,,,1.8 g,,,https://handlaprivatkund.ica.se/stores/1004181/products/ketchup-570g-heinz/1372044
Taco Kryddmix Original Mild 28g Santa Maria,"14,90 kr","0.028kg 532,14 kr/kg",297 kcal,1251 kJ,6 g,0.75 g,44 g,20 g,10 g,15.8 g,12 g,,,,,,,,,,,,,,,https://handlaprivatkund.ica.se/stores/1004181/products/taco-kryddmix-original-mild-28g-santa-maria/1497383
Taco sauce Mild 230g Santa Maria,"19,90 kr","0.23kg 86,52 kr/kg",34 kcal,143 kJ,0 g,0 g,6 g,4.3 g,1.4 g,1.1 g,1.7 g,,,,,,,,,,,,,,,https://handlaprivatkund.ica.se/stores/1004181/products/taco-sauce-mild-230g-santa-maria/1519331
Bryggkaffe Blue Java 450g Zoegas,"104,00 kr","0.45kg 231,11 kr/kg",,,,,,,,,,,,,,,,,,,,,,,,https://handlaprivatkund.ica.se/stores/1004181/products/bryggkaffe-blue-java-450g-zoegas/2151444
Ketchup Original 1kg Felix,"47,90 kr","1kg 47,90 kr/kg",81 kcal,339 kJ,0 g,0 g,18 g,17 g,1.2 g,2.2 g,,,,,,,,,,,,,,,,https://handlaprivatkund.ica.se/stores/1004181/products/ketchup-original-1kg-felix/1469376
Taco Kryddmix Original Mild 28g 3-p Santa Maria,"39,90 kr","0.084kg 475,00 kr/kg",297 kcal,1250 kJ,6.1 g,0.8 g,45 g,20 g,10 g,15.7 g,10 g,,,,,,,,,,,,,,,https://handlaprivatkund.ica.se/stores/1004181/products/taco-kryddmix-original-mild-28g-3-p-santa-maria/1497384
Tomatpuré 200g ICA,"21,90 kr","0.2kg 109,50 kr/kg",90 kcal,383 kJ,0.4 g,0 g,16 g,16 g,4.5 g,0.13 g,,,,,,,,,,,,,,,,https://handlaprivatkund.ica.se/stores/1004181/products/tomatpur%C3%A9-200g-ica/1026245
Chiafrön 300g Risenta,"77,00 kr","0.3kg 256,67 kr/kg",439 kcal,1827 kJ,34 g,3.4 g,4.4 g,0 g,22 g,0.13 g,33 g,,,,2.5 g,27 g,7.7 mg,335 mg,,,,,,,,https://handlaprivatkund.ica.se/stores/1004181/products/chiafr%C3%B6n-300g-risenta/2093005
Champinjoner Skivade 400g ICA Basic,"18,90 kr","0.23kg 82,17 kr/kg u. spad",,,,,,,,,,,,,,,,,,,,,,,,https://handlaprivatkund.ica.se/stores/1004181/products/champinjoner-skivade-400g-ica-basic/1410848
Gröna linser Ekologisk 380g Zeta,"19,90 kr","0.23kg 86,52 kr/kg u. spad",93 kcal,391 kJ,1 g,0.5 g,12 g,0.5 g,6.4 g,0.3 g,,,,,,,,,,,,,,,,https://handlaprivatkund.ica.se/stores/1004181/products/gr%C3%B6na-linser-ekologisk-380g-zeta/1358615
Bryggkaffe Mellanrost 450g ICA,"82,00 kr","0.45kg 182,22 kr/kg",,,,,,,,,,,,,,,,,,,,,,,,https://handlaprivatkund.ica.se/stores/1004181/products/bryggkaffe-mellanrost-450g-ica/2074972
Passerade tomater 390g ICA I love eco,"20,90 kr","0.39kg 53,59 kr/kg",20 kcal,85 kJ,0.5 g,0.5 g,3.6 g,3.1 g,11 g,0.5 g,0.7 g,,,,,,,,,,,,,,,https://handlaprivatkund.ica.se/stores/1004181/products/passerade-tomater-390g-ica-i-love-eco/2145681
Bryggkaffe Skånerost 450g Zoegas,"104,00 kr","0.45kg 231,11 kr/kg",,,,,,,,,,,,,,,,,,,,,,,,https://handlaprivatkund.ica.se/stores/1004181/products/bryggkaffe-sk%C3%A5nerost-450g-zoegas/2151441
Mezze Maniche 400g Zeta,"26,90 kr","0.4kg 67,25 kr/kg",367 kcal,1555 kJ,1.5 g,0.5 g,73 g,3 g,14 g,0 g,2.5 g,,,,,,,,,,,,,,,https://handlaprivatkund.ica.se/stores/1004181/products/mezze-maniche-400g-zeta/1401806
Basmatiris Boil in bag 500g Ben´s Original,"52,00 kr","0.5kg 104,00 kr/kg",132 kcal,560 kJ,0.5 g,0.1 g,29 g,0.5 g,3.1 g,0.01 g,0.5 g,,,,,,,,,,,,,,,https://handlaprivatkund.ica.se/stores/1004181/products/basmatiris-boil-in-bag-500g-ben-s-original/2086763
Tacobröd Tortilla Glutenfri 6-p Old el Paso,"41,90 kr","0.216kg 193,98 kr/kg",268 kcal,1136 kJ,2.2 g,0.7 g,58 g,0.3 g,1.9 g,1.31 g,3.8 g,,,,,,,,,,,,,,,https://handlaprivatkund.ica.se/stores/1004181/products/tacobr%C3%B6d-tortilla-glutenfri-6-p-old-el-paso/2023041
Oyster Sauce 200ml Santa Maria,"37,90 kr","0.2L 189,50 kr/l",77 kcal,327 kJ,0.6 g,0 g,15 g,10 g,2.6 g,6.8 g,1 g,,,,,,,,,,,,,,,https://handlaprivatkund.ica.se/stores/1004181/products/oyster-sauce-200ml-santa-maria/2043868
Amerikansk dressing Original 230g Kavli,"29,90 kr","0.23kg 130,00 kr/kg",600 kcal,2450 kJ,62 g,4.8 g,6.9 g,4.8 g,1.4 g,0.6 g,,,,,,,,,,,,,,,,https://handlaprivatkund.ica.se/stores/1004181/products/amerikansk-dressing-original-230g-kavli/1006061
Paprikapulver 37g Santa Maria,"31,90 kr","0.037kg 862,16 kr/kg",319 kcal,1321 kJ,13 g,2.1 g,19 g,10 g,14 g,0.17 g,35 g,,,,,,,,,,,,,,,https://handlaprivatkund.ica.se/stores/1004181/products/paprikapulver-37g-santa-maria/2023235
Bönmix 380g ICA,"14,90 kr","0.23kg 64,78 kr/kg u. spad",80 kcal,350 kJ,0.8 g,0.2 g,7.7 g,0.7 g,6.5 g,0.5 g,7.8 g,,,,,,,,,,,,,,,https://handlaprivatkund.ica.se/stores/1004181/products/b%C3%B6nmix-380g-ica/1378519
Tortilla Original Medium 8-p 320g Santa Maria,"20,90 kr","0.32kg 65,31 kr/kg",302 kcal,1277 kJ,4.9 g,1.2 g,55 g,2 g,8.3 g,1.4 g,2.5 g,,,,,,,,,,,,,,,https://handlaprivatkund.ica.se/stores/1004181/products/tortilla-original-medium-8-p-320g-santa-maria/2043890
Blåbärssoppa 1l ICA,"21,90 kr","1L 21,90 kr/l",45 kcal,190 kJ,0 g,0 g,11 g,9.6 g,0 g,0.02 g,,,,,,,,,,,25 mg,,,,,https://handlaprivatkund.ica.se/stores/1004181/products/bl%C3%A5b%C3%A4rssoppa-1l-ica/1131803
Blandade Bönor Ekologisk 380g Zeta,"19,90 kr","0.23kg 86,52 kr/kg u. spad",101 kcal,424 kJ,1.1 g,0 g,12 g,0.5 g,7.3 g,0 g,6.9 g,,,,,,,,,,,,,,,https://handlaprivatkund.ica.se/stores/1004181/products/blandade-b%C3%B6nor-ekologisk-380g-zeta/1358613
Fiskbullar i dillsås 375g Abba,"36,90 kr","0.375kg 98,40 kr/kg",75 kcal,314 kJ,4.5 g,0.8 g,4.7 g,0.7 g,4.1 g,1.2 g,,,,,2.5 g,1.2 g,,,,,,,,,,https://handlaprivatkund.ica.se/stores/1004181/products/fiskbullar-i-dills%C3%A5s-375g-abba/1003805
Fryspåsar 2l 50st ICA,"20,90 kr","50 per frp 0,42 kr/st",,,,,,,,,,,,,,,,,,,,,,,,https://handlaprivatkund.ica.se/stores/1004181/products/frysp%C3%A5sar-2l-50st-ica/1007598
Pasta Fettuccine Färsk 250g ICA,"24,90 kr","0.25kg 99,60 kr/kg",276 kcal,1167 kJ,2.9 g,0.8 g,50 g,1.2 g,11 g,0.05 g,,,,,,,,,,,,,,,,https://handlaprivatkund.ica.se/stores/1004181/products/pasta-fettuccine-f%C3%A4rsk-250g-ica/2116938
Jasminris 1kg ICA,"46,90 kr","1kg 46,90 kr/kg",350 kcal,1500 kJ,0.7 g,0 g,77 g,0 g,7.8 g,0 g,1 g,,,,,,,,,,,,,,,https://handlaprivatkund.ica.se/stores/1004181/products/jasminris-1kg-ica/1026262
Pastasås Tomat Basilika 390g ICA,"30,90 kr","0.39kg 79,23 kr/kg",40 kcal,180 kJ,1.1 g,0.2 g,6 g,5.2 g,1 g,1 g,,,,,,,,,,,,,,,,https://handlaprivatkund.ica.se/stores/1004181/products/pastas%C3%A5s-tomat-basilika-390g-ica/1363345
Sirap Ljus 750g Dansukker,"27,90 kr","0.75kg 37,20 kr/kg",312 kcal,1326 kJ,0 g,0 g,78 g,78 g,0 g,1 g,,,,,,,,,,,,,,,,https://handlaprivatkund.ica.se/stores/1004181/products/sirap-ljus-750g-dansukker/1363252
Kaffefilter Orginal Vit 1x4 80-p Miljömärkt Melitta,"29,90 kr","80 per frp 0,37 kr/st",,,,,,,,,,,,,,,,,,,,,,,,https://handlaprivatkund.ica.se/stores/1004181/products/kaffefilter-orginal-vit-1x4-80-p-milj%C3%B6m%C3%A4rkt-melitta/1294333
Lågkalori Äppelmos 350g Önos,"21,90 kr","0.35kg 62,57 kr/kg",40 kcal,160 kJ,0 g,0 g,8.5 g,6.5 g,0 g,0 g,,,,,,,,,,,,,,,,https://handlaprivatkund.ica.se/stores/1004181/products/l%C3%A5gkalori-%C3%A4ppelmos-350g-%C3%B6nos/1438208
Bakplåtspapper 24 ark ICA Basic,"15,90 kr","24 per frp 0,66 kr/st",,,,,,,,,,,,,,,,,,,,,,,,https://handlaprivatkund.ica.se/stores/1004181/products/bakpl%C3%A5tspapper-24-ark-ica-basic/1417832
Ketchup Original 500g Felix,"30,90 kr","0.5kg 61,80 kr/kg",82 kcal,343 kJ,0 g,0 g,18 g,17 g,1.3 g,2 g,,,,,,,,,,,,,,,,https://handlaprivatkund.ica.se/stores/1004181/products/ketchup-original-500g-felix/1469373
Äppelmos Original Refill 730g BOB,"28,90 kr","0.73kg 39,59 kr/kg",120 kcal,450 kJ,0 g,0 g,27 g,24 g,0 g,0 g,,,,,,,,,,,,,,,,https://handlaprivatkund.ica.se/stores/1004181/products/%C3%A4ppelmos-original-refill-730g-bob/1001699
Bryggkaffe Intenzo 450g Zoegas,"104,00 kr","0.45kg 231,11 kr/kg",,,,,,,,,,,,,,,,,,,,,,,,https://handlaprivatkund.ica.se/stores/1004181/products/bryggkaffe-intenzo-450g-zoegas/2151442
Bostongurka Orginal 375g Felix,"41,90 kr","0.375kg 111,73 kr/kg",73 kcal,307 kJ,0 g,0 g,17 g,13 g,1 g,1.3 g,,,,,,,,,,,,,,,,https://handlaprivatkund.ica.se/stores/1004181/products/bostongurka-orginal-375g-felix/1353435
Lök Granulerad 41g Santa Maria,"31,90 kr","0.041kg 778,05 kr/kg",337 kcal,1422 kJ,1 g,0.2 g,64 g,6.6 g,10 g,0.18 g,15 g,,,,,,,,,,,,,,,https://handlaprivatkund.ica.se/stores/1004181/products/l%C3%B6k-granulerad-41g-santa-maria/2023104
Vanillinsocker 140g ICA,"13,90 kr","0.14kg 99,29 kr/kg",398 kcal,1691 kJ,0 g,0 g,99 g,97 g,0 g,0 g,,,,,,,,,,,,,0 g,,,https://handlaprivatkund.ica.se/stores/1004181/products/vanillinsocker-140g-ica/1503784
Majskorn 150g ICA,"15,90 kr","0.14kg 113,57 kr/kg",80 kcal,330 kJ,1.5 g,0.5 g,13 g,5.8 g,2.1 g,0.4 g,2.9 g,,,,,,,,,,,,,,,https://handlaprivatkund.ica.se/stores/1004181/products/majskorn-150g-ica/1435480
Hönsbuljong 12-p 6l Knorr,"25,90 kr","6L 4,32 kr/l drickklar",7 kcal,30 kJ,0.5 g,0.3 g,0.5 g,0.5 g,0.5 g,0.92 g,0.5 g,,,,,,,,,,,,,,,https://handlaprivatkund.ica.se/stores/1004181/products/h%C3%B6nsbuljong-12-p-6l-knorr/1502470
Oliver Kalamata Urkärnade 370g Zeta,"43,90 kr","0.17kg 258,24 kr/kg u. spad",244 kcal,1021 kJ,25 g,2.6 g,2.2 g,0 g,2.4 g,1 g,,,,,,,,,,,,,,,,https://handlaprivatkund.ica.se/stores/1004181/products/oliver-kalamata-urk%C3%A4rnade-370g-zeta/1416834
Nyponsoppa Original 1l Ekströms,"19,90 kr","1L 19,90 kr/l",54 kcal,225 kJ,0 g,0 g,13 g,11 g,0 g,0 g,,,,,,,,,,,25 mg,,,,,https://handlaprivatkund.ica.se/stores/1004181/products/nyponsoppa-original-1l-ekstr%C3%B6ms/1287593
Specialflingor jordgubb och yoghurt 375g ICA,"62,00 kr","0.375kg 165,33 kr/kg",393 kcal,1664 kJ,3.2 g,1.3 g,75 g,14 g,14 g,0.78 g,3 g,,,,,,,,,,,,,,,https://handlaprivatkund.ica.se/stores/1004181/products/specialflingor-jordgubb-och-yoghurt-375g-ica/2017511
Bikarbonat 200g Dr.Oetker,"21,90 kr","0.2kg 109,50 kr/kg",,,,,,,,,,,,,,,,,,,,,,,,https://handlaprivatkund.ica.se/stores/1004181/products/bikarbonat-200g-dr-oetker/1489264
Kryddmix Taco mild 28g ICA,"10,90 kr","0.028kg 389,29 kr/kg",300 kcal,1250 kJ,5.9 g,0.9 g,47 g,20 g,7.6 g,17 g,11 g,,,,,,,,,,,,,,,https://handlaprivatkund.ica.se/stores/1004181/products/kryddmix-taco-mild-28g-ica/1519022
Snabbkaffe Refill Lyx Mellanrost 200g Nescafé,"116,00 kr","0.2kg 580,00 kr/kg",,,,,,,,,,,,,,,,,,,,,,,,https://handlaprivatkund.ica.se/stores/1004181/products/snabbkaffe-refill-lyx-mellanrost-200g-nescaf%C3%A9/1299169
Glasnudlar 100g ICA Asia,"30,90 kr","0.1kg 309,00 kr/kg",,,,,,,,,,,,,,,,,,,,,,,,https://handlaprivatkund.ica.se/stores/1004181/products/glasnudlar-100g-ica-asia/2019308
Hallonsylt 620g ICA,"46,90 kr","0.62kg 75,65 kr/kg",179 kcal,761 kJ,0 g,0 g,43 g,42 g,0.5 g,0 g,,,,,,,,,,,,,,,,https://handlaprivatkund.ica.se/stores/1004181/products/hallonsylt-620g-ica/2009901
Färsk Pasta Ravioli Ricotta Spenat 250g Rana,"62,00 kr","0.25kg 248,00 kr/kg",251 kcal,1052 kJ,11 g,4.5 g,25 g,6.7 g,11 g,1.1 g,4.1 g,,,,,,,,,,,,,,,https://handlaprivatkund.ica.se/stores/1004181/products/f%C3%A4rsk-pasta-ravioli-ricotta-spenat-250g-rana/1454469
Dip Tex mex style 250g Santa Maria,"40,90 kr","0.25kg 163,60 kr/kg",130 kcal,545 kJ,10 g,1.1 g,7.5 g,1.3 g,1.9 g,1.5 g,,,,,,,,,,,,,,,,https://handlaprivatkund.ica.se/stores/1004181/products/dip-tex-mex-style-250g-santa-maria/1129858
Pastasås Classico 400g Barilla,"32,90 kr","0.4kg 82,25 kr/kg",66 kcal,274 kJ,3.5 g,0.3 g,6.4 g,5 g,1.4 g,1 g,1.5 g,,,,,,,,,,,,,,,https://handlaprivatkund.ica.se/stores/1004181/products/pastas%C3%A5s-classico-400g-barilla/1458562
Tortilla Original Large 742g 12-p Santa Maria,"60,00 kr","0.742kg 80,86 kr/kg",302 kcal,1277 kJ,4.9 g,1.2 g,55 g,2 g,8.3 g,1.4 g,2.5 g,,,,,,,,,,,,,,,https://handlaprivatkund.ica.se/stores/1004181/products/tortilla-original-large-742g-12-p-santa-maria/2043871
Matmix Chili Con Carne 3 portioner 47g Knorr,"21,90 kr","0.047kg 465,96 kr/kg",104 kcal,435 kJ,3.9 g,1 g,7.2 g,2 g,8.6 g,0.6 g,3.7 g,,,,,,,,,,,,,,,https://handlaprivatkund.ica.se/stores/1004181/products/matmix-chili-con-carne-3-portioner-47g-knorr/2086816
Pasta Route 500g ICA,"18,90 kr","0.5kg 37,80 kr/kg",356 kcal,1508 kJ,1.5 g,0.5 g,72 g,3 g,12 g,0.01 g,3 g,,,,,,,,,,,,,,,https://handlaprivatkund.ica.se/stores/1004181/products/pasta-route-500g-ica/2077760
Bryggkaffe Mollbergs blandning 450g Zoegas,"113,00 kr","0.45kg 251,11 kr/kg",,,,,,,,,,,,,,,,,,,,,,,,https://handlaprivatkund.ica.se/stores/1004181/products/bryggkaffe-mollbergs-blandning-450g-zoegas/1499277
Sötmandel 200g ICA,"41,90 kr","0.2kg 209,50 kr/kg",592 kcal,2478 kJ,53 g,4.4 g,6.2 g,6.2 g,21 g,0 g,19 g,,,,,,,,,,,,,,,https://handlaprivatkund.ica.se/stores/1004181/products/s%C3%B6tmandel-200g-ica/2002105
Snabbkaffe 200g ICA Basic,"64,00 kr","0.2kg 320,00 kr/kg",,,,,,,,,,,,,,,,,,,,,,,,https://handlaprivatkund.ica.se/stores/1004181/products/snabbkaffe-200g-ica-basic/1411264
Dadlar Chokladboll 125g Dave & Jon's,"29,90 kr","0.125kg 239,20 kr/kg",409 kcal,1714 kJ,16.4 g,12.2 g,58.9 g,43.5 g,3.1 g,0.2 g,7.1 g,,,,,,,,,,,,,,,https://handlaprivatkund.ica.se/stores/1004181/products/dadlar-chokladboll-125g-dave-jon-s/2125901
Müsli 45% Frukt 750g ICA,"41,90 kr","0.75kg 55,87 kr/kg",350 kcal,1477 kJ,4.2 g,2.1 g,66 g,29 g,7.9 g,0.08 g,8.2 g,,,,,,,,,,,,,,,https://handlaprivatkund.ica.se/stores/1004181/products/m%C3%BCsli-45-frukt-750g-ica/1386586
Fryspåsar 3l 40-p ICA,"20,90 kr","40 per frp 0,52 kr/st",,,,,,,,,,,,,,,,,,,,,,,,https://handlaprivatkund.ica.se/stores/1004181/products/frysp%C3%A5sar-3l-40-p-ica/1007599
Senap Sötstark 500g Johnnys,"28,90 kr","0.5kg 57,80 kr/kg",220 kcal,950 kJ,3.3 g,0.5 g,45 g,43 g,4.3 g,1.1 g,,,,,,,,,,,,,,,,https://handlaprivatkund.ica.se/stores/1004181/products/senap-s%C3%B6tstark-500g-johnnys/1008095
Röda Linser Ekologisk 380g Zeta,"19,90 kr","0.23kg 86,52 kr/kg u. spad",81 kcal,341 kJ,0.5 g,0.1 g,12 g,0.5 g,4.5 g,0.3 g,5.2 g,,,,,,,,,,,,,,,https://handlaprivatkund.ica.se/stores/1004181/products/r%C3%B6da-linser-ekologisk-380g-zeta/2055842
Nudlar Kryddstark 85g Samyang,"8,90 kr","0.085kg 104,71 kr/kg",435 kcal,1821 kJ,16.5 g,8.2 g,64.7 g,1.2 g,8.2 g,4.7 g,3.5 g,,,,,,,,,,,,,,,https://handlaprivatkund.ica.se/stores/1004181/products/nudlar-kryddstark-85g-samyang/1003167
Valnötter 300g ICA Gott Liv,"78,00 kr","0.3kg 260,00 kr/kg",696 kcal,2875 kJ,67 g,6.9 g,3.2 g,2.3 g,16 g,0.05 g,6.4 g,,,,,,,151 mg,,386 mg,,,,,,https://handlaprivatkund.ica.se/stores/1004181/products/valn%C3%B6tter-300g-ica-gott-liv/1383808
Pressad Citron 250ml Realemon,"18,90 kr","0.25L 75,60 kr/l",22 kcal,93 kJ,0.1 g,0.04 g,1 g,0.9 g,0.3 g,0.02 g,,,,,,,,,,,,,,,,https://handlaprivatkund.ica.se/stores/1004181/products/pressad-citron-250ml-realemon/2127874
Pasta Gnocchi 500g Barilla,"22,90 kr","0.5kg 45,80 kr/kg",359 kcal,1521 kJ,2 g,0.5 g,71 g,3.5 g,13 g,0.01 g,3 g,,,,,,,,,,,,,,,https://handlaprivatkund.ica.se/stores/1004181/products/pasta-gnocchi-500g-barilla/1007538
Solroskärnor 400g Risenta,"33,90 kr","0.4kg 84,75 kr/kg",594 kcal,2485 kJ,47 g,5.2 g,4.3 g,1.7 g,23 g,0 g,11 g,,,,9.5 g,33 g,,325 mg,,660 mg,,35 mg,,116 mg,,https://handlaprivatkund.ica.se/stores/1004181/products/solrosk%C3%A4rnor-400g-risenta/2093009
Dadlar Saltlakrits 125g Dave & Jon's,"29,90 kr","0.125kg 239,20 kr/kg",320 kcal,1343 kJ,2.6 g,1.5 g,67.8 g,54.6 g,2.4 g,0 g,7.1 g,750 mg,,,,,3.7 mg,,,,,,,,,https://handlaprivatkund.ica.se/stores/1004181/products/dadlar-saltlakrits-125g-dave-jon-s/2083009
Lasagne 500g Barilla,"31,90 kr","0.5kg 63,80 kr/kg",359 kcal,1521 kJ,2 g,0.5 g,71 g,3.5 g,13 g,0.01 g,3 g,,,,,,,,,,,,,,,https://handlaprivatkund.ica.se/stores/1004181/products/lasagne-500g-barilla/1128651
Pizzasås örter 200g ICA,"15,90 kr","0.2kg 79,50 kr/kg",34 kcal,143 kJ,0.5 g,0.1 g,6.7 g,5.1 g,0.96 g,0.8 g,1.6 g,,,,,,,,,,,,,,,https://handlaprivatkund.ica.se/stores/1004181/products/pizzas%C3%A5s-%C3%B6rter-200g-ica/2141065
Pinjenötter 70g ICA Gott liv,"60,00 kr","0.07kg 857,14 kr/kg",697 kcal,2918 kJ,66 g,3.9 g,8.9 g,4.9 g,14 g,0 g,5.5 g,,,8.5 mg,,,6.7 mg,205 mg,,490 mg,,,,,,https://handlaprivatkund.ica.se/stores/1004181/products/pinjen%C3%B6tter-70g-ica-gott-liv/1383768
Vita Bönor i Tomatsås 380g ICA,"14,90 kr","0.38kg 39,21 kr/kg",90 kcal,400 kJ,0.7 g,0.5 g,15 g,5.5 g,4.5 g,0.63 g,4.1 g,,,,,,,,,,,,,,,https://handlaprivatkund.ica.se/stores/1004181/products/vita-b%C3%B6nor-i-tomats%C3%A5s-380g-ica/1406594
Bryggkaffe Mellanrost 450g Gevalia,"98,00 kr","0.45kg 217,78 kr/kg",,,,,,,,,,,,,,,,,,,,,,,,https://handlaprivatkund.ica.se/stores/1004181/products/bryggkaffe-mellanrost-450g-gevalia/1528809
Lingonsylt 620g ICA,"52,00 kr","0.62kg 83,87 kr/kg",162 kcal,687 kJ,0 g,0 g,39 g,38 g,0.3 g,0 g,,,,,,,,,,,,,,,,https://handlaprivatkund.ica.se/stores/1004181/products/lingonsylt-620g-ica/2009904
Kalvfond 180ml ICA,"37,90 kr","4L 9,48 kr/l drickklar",90 kcal,340 kJ,0.5 g,0 g,15 g,8 g,5.2 g,16.8 g,,,,,,,,,,,,,,,,https://handlaprivatkund.ica.se/stores/1004181/products/kalvfond-180ml-ica/2011154
Bönor Svarta 380g ICA,"14,90 kr","0.23kg 64,78 kr/kg u. spad",90 kcal,390 kJ,0.5 g,0 g,14 g,0.5 g,5.4 g,0.5 g,7.3 g,,,,,,,,,,,,,,,https://handlaprivatkund.ica.se/stores/1004181/products/b%C3%B6nor-svarta-380g-ica/1378513
Tortiglioni 400g Zeta,"26,90 kr","0.4kg 67,25 kr/kg",367 kcal,1555 kJ,1.5 g,0.5 g,73 g,3 g,14 g,0 g,2.5 g,,,,,,,,,,,,,,,https://handlaprivatkund.ica.se/stores/1004181/products/tortiglioni-400g-zeta/1401709
Marinad BBQ Allround 75g Santa Maria,"11,90 kr","0.075kg 158,67 kr/kg",81 kcal,340 kJ,1.2 g,0.1 g,12 g,7.2 g,4 g,8.8 g,3.1 g,,,,,,,,,,,,,,,https://handlaprivatkund.ica.se/stores/1004181/products/marinad-bbq-allround-75g-santa-maria/1006127
Krossade tomater 390 g ICA,"15,90 kr","0.39kg 40,77 kr/kg",20 kcal,90 kJ,0.5 g,0.5 g,3.7 g,3.6 g,0.8 g,0.1 g,1.2 g,,,,,,,,,,,,,,,https://handlaprivatkund.ica.se/stores/1004181/products/krossade-tomater-390-g-ica/2119127
Taco sauce Hot 230g Santa Maria,"19,90 kr","0.23kg 86,52 kr/kg",34 kcal,145 kJ,0 g,0 g,5.8 g,4.4 g,1.4 g,1.2 g,1.9 g,,,,,,,,,,,,,,,https://handlaprivatkund.ica.se/stores/1004181/products/taco-sauce-hot-230g-santa-maria/1519333
Spaghetti 2kg ICA,"41,90 kr","2kg 20,95 kr/kg",350 kcal,1500 kJ,1 g,0.5 g,75 g,3 g,12 g,0 g,3 g,,,,,,,,,,,,,,,https://handlaprivatkund.ica.se/stores/1004181/products/spaghetti-2kg-ica/1401289
Röda linser Ekologisk 400g ICA I love eco,"33,90 kr","0.4kg 84,75 kr/kg",350 kcal,1500 kJ,1.8 g,0 g,59 g,0 g,25 g,0.1 g,10 g,,,,,,,,,,,,,,,https://handlaprivatkund.ica.se/stores/1004181/products/r%C3%B6da-linser-ekologisk-400g-ica-i-love-eco/1345224
Tortilla Original L 6-p 371g Santa Maria,"30,90 kr","0.371kg 83,29 kr/kg",302 kcal,1277 kJ,4.9 g,1.2 g,55 g,2 g,8.3 g,1.4 g,2.5 g,,,,,,,,,,,,,,,https://handlaprivatkund.ica.se/stores/1004181/products/tortilla-original-l-6-p-371g-santa-maria/2043870
Sesamolja 150ml ICA Asia,"40,90 kr","0.15L 272,67 kr/l",900 kcal,3700 kJ,100 g,13 g,0 g,0 g,0 g,0 g,,,,,,,,,,,,,,,,https://handlaprivatkund.ica.se/stores/1004181/products/sesamolja-150ml-ica-asia/1505785
Honung Flytande flera sorters blommor 350g ICA,"52,00 kr","0.35kg 148,57 kr/kg",320 kcal,1350 kJ,0.5 g,0 g,79 g,79 g,0.5 g,0.015 g,,,,,,,,,,,,,,,,https://handlaprivatkund.ica.se/stores/1004181/products/honung-flytande-flera-sorters-blommor-350g-ica/1397202
Soltorkade tomater 200g ICA,"31,90 kr","0.12kg 265,83 kr/kg u. spad",480 kcal,1950 kJ,47 g,7.3 g,8.8 g,5.4 g,2.8 g,2.5 g,,,,,,,,,,,,,,,,https://handlaprivatkund.ica.se/stores/1004181/products/soltorkade-tomater-200g-ica/1427232
Havregryn 750g AXA,"20,90 kr","0.75kg 27,87 kr/kg",367 kcal,1536 kJ,6.8 g,1.3 g,58 g,1.1 g,13 g,0.01 g,10 g,,0.38 mg,,2.5 g,2.8 g,,129 mg,38.3 µg,417 mg,,,,,,https://handlaprivatkund.ica.se/stores/1004181/products/havregryn-750g-axa/1004769
Äkta Majonnäs 200g Findus,"22,90 kr","0.2kg 114,50 kr/kg",728 kcal,3046 kJ,81 g,6.5 g,1.5 g,1 g,1.3 g,0.6 g,0.2 g,,,,,,,,,,,,,,,https://handlaprivatkund.ica.se/stores/1004181/products/%C3%A4kta-majonn%C3%A4s-200g-findus/1004051
Bryggkaffe Svea 500g Arvid Nordquist Classic,"103,00 kr","0.5kg 206,00 kr/kg",,,,,,,,,,,,,,,,,,,,,,,,https://handlaprivatkund.ica.se/stores/1004181/products/bryggkaffe-svea-500g-arvid-nordquist-classic/1004394
Majonnäs 400g Hellmanns,"43,90 kr","0.4kg 109,75 kr/kg",721 kcal,2965 kJ,79 g,6.2 g,1.3 g,1.3 g,1.1 g,1.5 g,,,,,,,,,,,,,,,,https://handlaprivatkund.ica.se/stores/1004181/products/majonn%C3%A4s-400g-hellmanns/1406677
Oregano 5g Santa Maria,"35,90 kr","0.005kg 7 180,00 kr/kg",265 kcal,1101 kJ,4.3 g,1.6 g,26 g,4.1 g,9 g,0.06 g,43 g,,,,,,,,,,,,,,,https://handlaprivatkund.ica.se/stores/1004181/products/oregano-5g-santa-maria/2023276
Kaffe Wanyama 500g Arvid Nordquist Classic,"103,00 kr","0.5kg 206,00 kr/kg",,,,,,,,,,,,,,,,,,,,,,,,https://handlaprivatkund.ica.se/stores/1004181/products/kaffe-wanyama-500g-arvid-nordquist-classic/1499208
Klassiskt Potatismos 12 port 444g Felix,"47,90 kr","2.4kg 19,96 kr/kg ätklar",66 kcal,276 kJ,0.8 g,0.5 g,12 g,0.9 g,1.5 g,0.52 g,2.8 g,,,,,,,,,,,,,,,https://handlaprivatkund.ica.se/stores/1004181/products/klassiskt-potatismos-12-port-444g-felix/1310143
Panko 180g ICA,"26,90 kr","0.18kg 149,44 kr/kg",380 kcal,1600 kJ,1.4 g,0.5 g,77 g,2.5 g,12 g,0.4 g,4.5 g,,,,,,,,,,,,,,,https://handlaprivatkund.ica.se/stores/1004181/products/panko-180g-ica/1509001
Farfalle 500g Barilla,"22,90 kr","0.5kg 45,80 kr/kg",359 kcal,1521 kJ,2 g,0.5 g,71 g,3.5 g,13 g,0.01 g,3 g,,,,,,,,,,,,,,,https://handlaprivatkund.ica.se/stores/1004181/products/farfalle-500g-barilla/2142158
Basilika 10g Santa Maria,"35,90 kr","0.01kg 3 590,00 kr/kg",245 kcal,1016 kJ,4.1 g,2.2 g,10 g,1.7 g,23 g,0.19 g,38 g,,,,,,,,,,,,,,,https://handlaprivatkund.ica.se/stores/1004181/products/basilika-10g-santa-maria/2023262
Citronpeppar 55g Santa Maria,"31,90 kr","0.055kg 580,00 kr/kg",149 kcal,627 kJ,1.2 g,0.5 g,25 g,7.4 g,4.4 g,41 g,9.7 g,,,,,,,,,,,,,,,https://handlaprivatkund.ica.se/stores/1004181/products/citronpeppar-55g-santa-maria/2023204
"Saffran Malen 0,5g ICA","24,90 kr","0.0005kg 49 800,00 kr/kg",,,,,,,,,,,,,,,,,,,,,,,,https://handlaprivatkund.ica.se/stores/1004181/products/saffran-malen-0-5g-ica/2001669
Pelati 400g Mutti,"22,90 kr","0.4kg 57,25 kr/kg",22 kcal,92 kJ,0.5 g,0.1 g,3.6 g,2.9 g,1.1 g,0.01 g,,,,,,,,,,,,,,,,https://handlaprivatkund.ica.se/stores/1004181/products/pelati-400g-mutti/1352301
Bakplåtspapper med struktur 14-p Toppits,"36,90 kr","14 per frp 2,64 kr/st",,,,,,,,,,,,,,,,,,,,,,,,https://handlaprivatkund.ica.se/stores/1004181/products/bakpl%C3%A5tspapper-med-struktur-14-p-toppits/2046152
Müsli 50% Frukt & nötter 750g ICA,"58,00 kr","0.75kg 77,33 kr/kg",398 kcal,1670 kJ,14 g,6.1 g,56 g,21 g,7.9 g,0.3 g,8.2 g,,,,,,,,,,,,,,,https://handlaprivatkund.ica.se/stores/1004181/products/m%C3%BCsli-50-frukt-n%C3%B6tter-750g-ica/1386581
Skinka 326g ICA,"53,00 kr","0.326kg 162,58 kr/kg",,,,,,,,,,,,,,,,,,,,,,,,https://handlaprivatkund.ica.se/stores/1004181/products/skinka-326g-ica/1414085
Majonnäs 200g Hellmanns,"29,90 kr","0.2kg 149,50 kr/kg",720 kcal,3011 kJ,79 g,6.1 g,1.4 g,1.3 g,1.1 g,1.2 g,,,,,,,,,,,,,,,,https://handlaprivatkund.ica.se/stores/1004181/products/majonn%C3%A4s-200g-hellmanns/1468941
Syltsocker 1kg Dansukker,"42,90 kr","1kg 42,90 kr/kg",396 kcal,1683 kJ,0 g,0 g,99 g,98 g,0 g,0.11 g,,,,,,,,,,,,,,,,https://handlaprivatkund.ica.se/stores/1004181/products/syltsocker-1kg-dansukker/1005346
Kaffe Mellan 500g Arvid Nordquist,"103,00 kr","0.5kg 206,00 kr/kg",,,,,,,,,,,,,,,,,,,,,,,,https://handlaprivatkund.ica.se/stores/1004181/products/kaffe-mellan-500g-arvid-nordquist/1004503
Tacosås Extra Het 230g Santa Maria,"19,90 kr","0.23kg 86,52 kr/kg",36 kcal,149 kJ,0 g,0 g,5.7 g,4.4 g,1.6 g,1.2 g,2.2 g,,,,,,,,,,,,,,,https://handlaprivatkund.ica.se/stores/1004181/products/tacos%C3%A5s-extra-het-230g-santa-maria/2061547
Jalapeños 225g ICA,"28,90 kr","0.125kg 231,20 kr/kg u. spad",,,,,,,,,,,,,,,,,,,,,,,,https://handlaprivatkund.ica.se/stores/1004181/products/jalape%C3%B1os-225g-ica/1304893
Fusilli 500g ICA Basic,"13,90 kr","0.5kg 27,80 kr/kg",364 kcal,1543 kJ,1.7 g,0.3 g,75 g,2.6 g,12 g,0.01 g,3.1 g,,,,,,,,,,,,,,,https://handlaprivatkund.ica.se/stores/1004181/products/fusilli-500g-ica-basic/2089172
Kaffebönor Mollbergs blandning 450g Zoegas,"121,00 kr","0.45kg 268,89 kr/kg",,,,,,,,,,,,,,,,,,,,,,,,https://handlaprivatkund.ica.se/stores/1004181/products/kaffeb%C3%B6nor-mollbergs-blandning-450g-zoegas/1508087
Idealmakaroner 1kg Kungsörnen,"32,90 kr","1kg 32,90 kr/kg",360 kcal,1500 kJ,2 g,0.5 g,72 g,3 g,11 g,0.01 g,3 g,,,,,,,,,,,,,,,https://handlaprivatkund.ica.se/stores/1004181/products/idealmakaroner-1kg-kungs%C3%B6rnen/1004786
Amerikansk dressing Original 425g Kavli,"39,90 kr","0.425kg 93,88 kr/kg",,,,,,,,,,,,,,,,,,,,,,,,https://handlaprivatkund.ica.se/stores/1004181/products/amerikansk-dressing-original-425g-kavli/1004065
Ströbröd 400g ICA,"20,90 kr","0.4kg 52,25 kr/kg",350 kcal,1450 kJ,1.7 g,0.2 g,69 g,3.4 g,12 g,1 g,4.7 g,,,,,,,,,,,,,,,https://handlaprivatkund.ica.se/stores/1004181/products/str%C3%B6br%C3%B6d-400g-ica/1397790
"Havregryn 1,5kg AXA","33,90 kr","1.5kg 22,60 kr/kg",367 kcal,1536 kJ,6.8 g,1.3 g,58 g,1.1 g,13 g,0.01 g,10 g,,0.38 mg,,2.5 g,2.8 g,,129 mg,38.3 µg,417 mg,,,,,,https://handlaprivatkund.ica.se/stores/1004181/products/havregryn-1-5kg-axa/1004771
Jordgubbssylt Refill 700g ICA,"40,90 kr","0.7kg 58,43 kr/kg",176 kcal,746 kJ,0 g,0 g,43 g,42 g,0.2 g,0 g,,,,,,,,,,,,,,,,https://handlaprivatkund.ica.se/stores/1004181/products/jordgubbssylt-refill-700g-ica/1007782
Pesto alla Genovese 190g Barilla,"41,90 kr","0.19kg 220,53 kr/kg",492 kcal,2030 kJ,47 g,5.3 g,11 g,5 g,4.7 g,3.2 g,3 g,,,,,,,,,,,,,,,https://handlaprivatkund.ica.se/stores/1004181/products/pesto-alla-genovese-190g-barilla/1285954
Pasta Capellini 500g Barilla,"22,90 kr","0.5kg 45,80 kr/kg",359 kcal,1521 kJ,2 g,0.5 g,71 g,3.5 g,13 g,0.01 g,3 g,,,,,,,,,,,,,,,https://handlaprivatkund.ica.se/stores/1004181/products/pasta-capellini-500g-barilla/1008253
Tonfisk i vatten 170g ICA,"27,90 kr","0.12kg 232,50 kr/kg u. spad",106 kcal,444 kJ,1 g,0 g,0 g,0 g,24 g,1 g,,,,,,,,,,,,,,,,https://handlaprivatkund.ica.se/stores/1004181/products/tonfisk-i-vatten-170g-ica/2092307
Äkta majonnäs 275g Kavli,"25,90 kr","0.275kg 94,18 kr/kg",700 kcal,2900 kJ,77 g,5.8 g,3.1 g,2.4 g,1.2 g,0.8 g,,,,,,,,,,,,,,,,https://handlaprivatkund.ica.se/stores/1004181/products/%C3%A4kta-majonn%C3%A4s-275g-kavli/1006062
Hel Saltgurka 700g Felix,"44,90 kr","0.34kg 132,06 kr/kg u. spad",12 kcal,50 kJ,0 g,0 g,1.7 g,1.4 g,0.9 g,3.5 g,,,,,,,,,,,,,,,,https://handlaprivatkund.ica.se/stores/1004181/products/hel-saltgurka-700g-felix/1353421
Fiskbullar i hummersås 375g Abba,"36,90 kr","0.375kg 98,40 kr/kg",75 kcal,314 kJ,4.5 g,0.8 g,4.7 g,0.7 g,4.1 g,1.2 g,,,,,2.5 g,1.2 g,,,,,,,,,,https://handlaprivatkund.ica.se/stores/1004181/products/fiskbullar-i-hummers%C3%A5s-375g-abba/1003800
Smörgåsgurka 370g Felix,"27,90 kr","0.24kg 116,25 kr/kg u. spad",60 kcal,251 kJ,0 g,0 g,13 g,13 g,1 g,1.7 g,,,,,,,,,,,,,,,,https://handlaprivatkund.ica.se/stores/1004181/products/sm%C3%B6rg%C3%A5sgurka-370g-felix/1004216
Snabbnudlar Buldak Carbonara 130g Samyang,"40,90 kr","0.13kg 314,62 kr/kg",427 kcal,1787 kJ,15 g,6 g,66 g,5 g,7 g,3 g,2 g,,,,,,,,,,,,,,,https://handlaprivatkund.ica.se/stores/1004181/products/snabbnudlar-buldak-carbonara-130g-samyang/2149500
Tortilla Chips Sal 185g Santa Maria,"19,90 kr","0.185kg 107,57 kr/kg",472 kcal,1979 kJ,20 g,2 g,64 g,0.8 g,6.6 g,1.2 g,4 g,,,,,,,,,,,,,,,https://handlaprivatkund.ica.se/stores/1004181/products/tortilla-chips-sal-185g-santa-maria/2126699
Plastpåsar 3l 50-p ICA,"21,90 kr","50 per frp 0,44 kr/st",,,,,,,,,,,,,,,,,,,,,,,,https://handlaprivatkund.ica.se/stores/1004181/products/plastp%C3%A5sar-3l-50-p-ica/1007603
Ättika 24 % 30cl Perstorp,"19,90 kr","0.3L 66,33 kr/l",,,,,,,,,,,,,,,,,,,,,,,,https://handlaprivatkund.ica.se/stores/1004181/products/%C3%A4ttika-24-30cl-perstorp/1007324
Hasselnötskräm Nutella 630g Ferrero,"74,00 kr","0.63kg 117,46 kr/kg",546 kcal,2278 kJ,31.6 g,11 g,57.6 g,56.8 g,6 g,0.114 g,,,,,,,,,,,,,,,,https://handlaprivatkund.ica.se/stores/1004181/products/hasseln%C3%B6tskr%C3%A4m-nutella-630g-ferrero/1496727
Makrill i tomatssås 3-p ICA,"54,00 kr","0.375kg 144,00 kr/kg",,,,,,,,,,,,,,,,,,,,,,,,https://handlaprivatkund.ica.se/stores/1004181/products/makrill-i-tomatss%C3%A5s-3-p-ica/2055713
Bakplåtspapper 33cm 24 ark Miljömärkt ICA,"19,90 kr","24 per frp 0,83 kr/st",,,,,,,,,,,,,,,,,,,,,,,,https://handlaprivatkund.ica.se/stores/1004181/products/bakpl%C3%A5tspapper-33cm-24-ark-milj%C3%B6m%C3%A4rkt-ica/1406156
Bryggkaffe Skånerost 450g ICA,"82,00 kr","0.45kg 182,22 kr/kg",,,,,,,,,,,,,,,,,,,,,,,,https://handlaprivatkund.ica.se/stores/1004181/products/bryggkaffe-sk%C3%A5nerost-450g-ica/2074977
Tortillabröd 8-p 320g ICA Basic,"16,90 kr","0.32kg 52,81 kr/kg",316 kcal,1332 kJ,7 g,1.3 g,52 g,2.1 g,9.3 g,1 g,,,,,,,,,,,,,,,,https://handlaprivatkund.ica.se/stores/1004181/products/tortillabr%C3%B6d-8-p-320g-ica-basic/2109675
Granola Kakao & hallon 450g Pauluns,"75,00 kr","0.45kg 166,67 kr/kg",415 kcal,1735 kJ,15 g,2.1 g,50 g,8.8 g,9.6 g,0.44 g,22 g,,0.18 mg,2.1 mg,,,,110 mg,,,,,,,,https://handlaprivatkund.ica.se/stores/1004181/products/granola-kakao-hallon-450g-pauluns/1441052
Ketchup 50% mindre socker och salt 960g Heinz,"47,90 kr","0.96kg 49,90 kr/kg",64 kcal,271 kJ,0.1 g,0 g,12 g,11 g,1.4 g,0.9 g,,,,,,,,,,,,,,,,https://handlaprivatkund.ica.se/stores/1004181/products/ketchup-50-mindre-socker-och-salt-960g-heinz/2003021
Bakpulver 225g ICA,"19,90 kr","0.225kg 88,44 kr/kg",130 kcal,550 kJ,0 g,0 g,33 g,0 g,0.5 g,34 g,,,,,,,,,,,,,,,,https://handlaprivatkund.ica.se/stores/1004181/products/bakpulver-225g-ica/1402325
Soft tortillas Fiber Medium 8-p 320g ICA,"26,90 kr","0.32kg 84,06 kr/kg",,,,,,,,,,,,,,,,,,,,,,,,https://handlaprivatkund.ica.se/stores/1004181/products/soft-tortillas-fiber-medium-8-p-320g-ica/1393974
Basmatiris 2kg ICA,"104,00 kr","2kg 52,00 kr/kg",350 kcal,1500 kJ,0.5 g,0 g,78 g,0 g,8.2 g,0 g,1.6 g,,,,,,,,,,,,,,,https://handlaprivatkund.ica.se/stores/1004181/products/basmatiris-2kg-ica/1333193
Lingonsylt Refill 700g ICA,"44,90 kr","0.7kg 64,14 kr/kg",162 kcal,687 kJ,0 g,0 g,39 g,38 g,0.3 g,0 g,,,,,,,,,,,,,,,,https://handlaprivatkund.ica.se/stores/1004181/products/lingonsylt-refill-700g-ica/1007781
Havregryn Ekologiska 750g ICA I love eco,"24,90 kr","0.75kg 33,20 kr/kg",,,,,,,,,,,,,,,,,,,,,,,,https://handlaprivatkund.ica.se/stores/1004181/products/havregryn-ekologiska-750g-ica-i-love-eco/1005041
Citronjuice Från koncentrat 200ml ICA,"14,90 kr","0.2L 74,50 kr/l",,,,,,,,,,,,,,,,,,,,,,,,https://handlaprivatkund.ica.se/stores/1004181/products/citronjuice-fr%C3%A5n-koncentrat-200ml-ica/2021874
Senap Original 220g Slotts,"21,90 kr","0.22kg 99,55 kr/kg",158 kcal,661 kJ,6.2 g,0.8 g,15 g,15 g,6 g,2.1 g,,,,,,,,,,,,,,,,https://handlaprivatkund.ica.se/stores/1004181/products/senap-original-220g-slotts/2011824
Finkrossade Tomater Chili 390g ICA,"17,90 kr","0.39kg 45,90 kr/kg",40 kcal,170 kJ,0.5 g,0 g,7.5 g,4.6 g,1.5 g,1 g,0.9 g,,,,,,,,,,,,,,,https://handlaprivatkund.ica.se/stores/1004181/products/finkrossade-tomater-chili-390g-ica/1466138
Spaghetti 1kg ICA,"24,90 kr","1kg 24,90 kr/kg",350 kcal,1500 kJ,1 g,0.5 g,75 g,3 g,12 g,0 g,3 g,,,,,,,,,,,,,,,https://handlaprivatkund.ica.se/stores/1004181/products/spaghetti-1kg-ica/1129477
Pasta girandole 500g Barilla,"22,90 kr","0.5kg 45,80 kr/kg",359 kcal,1521 kJ,2 g,0.5 g,71 g,3.5 g,13 g,0.01 g,3 g,,,,,,,,,,,,,,,https://handlaprivatkund.ica.se/stores/1004181/products/pasta-girandole-500g-barilla/1007959
Fiberhavregryn 800g AXA,"24,90 kr","0.8kg 31,13 kr/kg",350 kcal,1500 kJ,6.9 g,1.3 g,54 g,1.3 g,12 g,0 g,14 g,520 mg,0.69 mg,3.7 mg,2.5 g,2.9 g,6 mg,180 mg,83 µg,510 mg,,,,,5.7 mg,https://handlaprivatkund.ica.se/stores/1004181/products/fiberhavregryn-800g-axa/1004768
Tortilla Medium 8-p 320g ICA,"18,90 kr","0.32kg 59,06 kr/kg",,,,,,,,,,,,,,,,,,,,,,,,https://handlaprivatkund.ica.se/stores/1004181/products/tortilla-medium-8-p-320g-ica/1026401
Limejuice från koncentrat 200ml ICA,"14,90 kr","0.2L 74,50 kr/l",,,,,,,,,,,,,,,,,,,,,,,,https://handlaprivatkund.ica.se/stores/1004181/products/limejuice-fr%C3%A5n-koncentrat-200ml-ica/2030579
Ravioli 800g ICA Basic,"30,90 kr","0.8kg 38,63 kr/kg",,,,,,,,,,,,,,,,,,,,,,,,https://handlaprivatkund.ica.se/stores/1004181/products/ravioli-800g-ica-basic/1411325
Kryddmix Taco Mild 28g 3-p ICA,"31,90 kr","0.084kg 379,76 kr/kg",300 kcal,1250 kJ,5.9 g,0.9 g,47 g,20 g,7.6 g,17 g,11 g,,,,,,,,,,,,,,,https://handlaprivatkund.ica.se/stores/1004181/products/kryddmix-taco-mild-28g-3-p-ica/1519655
Torrjäst Matbröd 14g 2st Kronjäst,"10,90 kr","0.028kg 389,29 kr/kg",,,,,,,,,,,,,,,,,,,,,,,,https://handlaprivatkund.ica.se/stores/1004181/products/torrj%C3%A4st-matbr%C3%B6d-14g-2st-kronj%C3%A4st/1510830
Bryggkaffe Kharisma 450g Löfbergs,"89,00 kr","0.45kg 197,78 kr/kg",,,,,,,,,,,,,,,,,,,,,,,,https://handlaprivatkund.ica.se/stores/1004181/products/bryggkaffe-kharisma-450g-l%C3%B6fbergs/1476574
Te Svart Forest Fruit Pyramid 20p Lipton,"31,90 kr","20 per frp 1,60 kr/st",4 kcal,17 kJ,0.5 g,0.1 g,0.5 g,0.5 g,0.5 g,0.01 g,,,,,,,,,,,,,,,,https://handlaprivatkund.ica.se/stores/1004181/products/te-svart-forest-fruit-pyramid-20p-lipton/2139050
Pasta Fusilli 500g Barilla,"22,90 kr","0.5kg 45,80 kr/kg",359 kcal,1521 kJ,2 g,0.5 g,71 g,3.5 g,13 g,0.01 g,3 g,,,,,,,,,,,,,,,https://handlaprivatkund.ica.se/stores/1004181/products/pasta-fusilli-500g-barilla/1007960
Kaffe Festivita Extra mörk 500g Arvid Nordquist Classic,"103,00 kr","0.5kg 206,00 kr/kg",,,,,,,,,,,,,,,,,,,,,,,,https://handlaprivatkund.ica.se/stores/1004181/products/kaffe-festivita-extra-m%C3%B6rk-500g-arvid-nordquist-classic/1003807
Potatis 680g ICA Basic,"22,90 kr","0.425kg 53,88 kr/kg u. spad",50 kcal,220 kJ,0.3 g,0.2 g,10 g,0.4 g,1.2 g,,1.7 g,,,,,,,,,,,,,,,https://handlaprivatkund.ica.se/stores/1004181/products/potatis-680g-ica-basic/1411175
Corn flakes 500g ICA,"33,90 kr","0.5kg 67,80 kr/kg",377 kcal,1598 kJ,0.7 g,0.1 g,84 g,3.6 g,7.4 g,1 g,2.3 g,,,,,,,,,,,,,,,https://handlaprivatkund.ica.se/stores/1004181/products/corn-flakes-500g-ica/1005218
Ketchup Osötad 970g Felix,"56,00 kr","0.97kg 57,73 kr/kg",47 kcal,197 kJ,0 g,0 g,9.4 g,5.1 g,1.6 g,1.4 g,,,,,,,,,,,,,,,,https://handlaprivatkund.ica.se/stores/1004181/products/ketchup-os%C3%B6tad-970g-felix/2033197
Fryspåsar 1l 70st ICA,"20,90 kr","70 per frp 0,30 kr/st",,,,,,,,,,,,,,,,,,,,,,,,https://handlaprivatkund.ica.se/stores/1004181/products/frysp%C3%A5sar-1l-70st-ica/1007597
Skivade Bambuskott 227g ICA Asia,"21,90 kr","0.14kg 156,43 kr/kg u. spad",,,,,,,,,,,,,,,,,,,,,,,,https://handlaprivatkund.ica.se/stores/1004181/products/skivade-bambuskott-227g-ica-asia/1026293
Skivade Vattenkastanjer i vatten 227g ICA Asia,"19,90 kr","0.14kg 142,14 kr/kg u. spad",,,,,,,,,,,,,,,,,,,,,,,,https://handlaprivatkund.ica.se/stores/1004181/products/skivade-vattenkastanjer-i-vatten-227g-ica-asia/1026297
"Finkrossade Tomater 3-p 1,2kg Mutti","56,00 kr","1.2kg 46,67 kr/kg",26 kcal,110 kJ,0.2 g,0.1 g,3.9 g,2.8 g,1.2 g,0.3 g,,,,,,,,,,,,,,,,https://handlaprivatkund.ica.se/stores/1004181/products/finkrossade-tomater-3-p-1-2kg-mutti/1467242
Ättiksprit 1000ml ICA Basic,"22,90 kr","1L 22,90 kr/l",,,,,,,,,,,,,,,,,,,,,,,,https://handlaprivatkund.ica.se/stores/1004181/products/%C3%A4ttiksprit-1000ml-ica-basic/2108424
Grönsaksbuljong Tärning 12-p 132g ICA,"21,90 kr","6L 3,65 kr/l drickklar",330 kcal,1400 kJ,22 g,11 g,28 g,3.9 g,5.4 g,37 g,,,,,,,,,,,,,,,,https://handlaprivatkund.ica.se/stores/1004181/products/gr%C3%B6nsaksbuljong-t%C3%A4rning-12-p-132g-ica/1526875
