Name,Price,Size,Energi (kcal),Energi (kJ),Fett,Varav mättat fett,Kolhydrat,Varav sockerarter,Protein,Salt,Fiber,Varav polyoler,Fosfor,Vitamin B12,Vitamin D,Folsyra,Selen,Järn,Magnesium,Zink,Varav enkelomättat fett,Varav fleromättat fett,Fluorid,Vitamin B6,Natrium,Kalcium,Material,Kalium,Vitamin E,Pantotensyra,url
Jordnötter saltade Ekologisk 200g ICA I love eco,"25,90 kr","0.2kg 129,50 kr/kg",600 kcal,2550 kJ,51 g,7.4 g,12 g,4.7 g,23 g,1 g,,,,,,,,,,,,,,,,,,,,,https://handlaprivatkund.ica.se/stores/1004181/products/jordn%C3%B6tter-saltade-ekologisk-200g-ica-i-love-eco/2009841
Utopia Double Hazelnut Glasspinne 1-p Magnum,"34,90 kr",,348 kcal,1458 kJ,20 g,12 g,37 g,29 g,4.6 g,0.5 g,0.8 g,,,,,,,,,,,,,,,,,,,,https://handlaprivatkund.ica.se/stores/1004181/products/utopia-double-hazelnut-glasspinne-1-p-magnum/2154455
Godis Sur Hallon/Persika Stång 27g Toms,"6,90 kr","0.027kg 255,56 kr/kg",378 kcal,1602 kJ,3.7 g,3.5 g,84 g,67 g,0.9 g,0.21 g,,,,,,,,,,,,,,,,,,,,,https://handlaprivatkund.ica.se/stores/1004181/products/godis-sur-hallon-persika-st%C3%A5ng-27g-toms/2157953
Chokladkaka Helnöt 160g Marabou,"38,90 kr","0.16kg 243,13 kr/kg",572 kcal,2380 kJ,38 g,16 g,49 g,47 g,6.7 g,0.21 g,3.5 g,,,,,,,,,,,,,,,,,,,,https://handlaprivatkund.ica.se/stores/1004181/products/chokladkaka-heln%C3%B6t-160g-marabou/2166170
Snacks Dillskruvar 80g Estrella,"25,90 kr","0.08kg 323,75 kr/kg",479 kcal,2004 kJ,23 g,2.2 g,63 g,1.3 g,3.5 g,1.8 g,3.5 g,,,,,,,,,,,,,,,,,,,,https://handlaprivatkund.ica.se/stores/1004181/products/snacks-dillskruvar-80g-estrella/2149375
Chips Cheezy Jalapeño 150gJohnnys,"40,90 kr","0.15kg 272,67 kr/kg",490 kcal,2050 kJ,26 g,2.6 g,56 g,1.7 g,8.3 g,1.9 g,,,,,,,,,,,,,,,,,,,,,https://handlaprivatkund.ica.se/stores/1004181/products/chips-cheezy-jalape%C3%B1o-150gjohnnys/2149667
Glass Favorites Oreo 825ml GB Glace,"47,90 kr","0.825L 58,06 kr/l",217 kcal,909 kJ,8.7 g,7 g,31 g,23 g,2.7 g,0.2 g,,,,,,,,,,,,,,,,,,,,,https://handlaprivatkund.ica.se/stores/1004181/products/glass-favorites-oreo-825ml-gb-glace/2130397
Glass Strawberry Cheesecake 465ml Ben & Jerrys,"80,00 kr","0.465L 172,04 kr/l",243 kcal,1021 kJ,14 g,7.4 g,27 g,24 g,3.3 g,0.28 g,,,,,,,,,,,,,,,,,,,,,https://handlaprivatkund.ica.se/stores/1004181/products/glass-strawberry-cheesecake-465ml-ben-jerrys/2054636
Godis Tutti frutti Original 180g Fazer,"25,90 kr","0.18kg 143,89 kr/kg",361 kcal,1517 kJ,0.5 g,0 g,89 g,60 g,0.5 g,0.29 g,,,,,,,,,,,,,,,,,,,,,https://handlaprivatkund.ica.se/stores/1004181/products/godis-tutti-frutti-original-180g-fazer/2004875
Mörk choklad Toffee 150g Riesen,"29,90 kr","0.15kg 199,33 kr/kg",448 kcal,1877 kJ,18.1 g,10.7 g,66.6 g,44.7 g,3.8 g,0.14 g,,,,,,,,,,,,,,,,,,,,,https://handlaprivatkund.ica.se/stores/1004181/products/m%C3%B6rk-choklad-toffee-150g-riesen/1002528
Godis Fizzy Bottles 50g Pändy,"26,90 kr","0.05kg 538,00 kr/kg",70 kcal,291 kJ,0 g,0 g,8 g,0.6 g,2.4 g,0.04 g,26 g,6 g,,,,,,,,,,,,,,,,,,,https://handlaprivatkund.ica.se/stores/1004181/products/godis-fizzy-bottles-50g-p%C3%A4ndy/2112891
Lakrits Extra Salt 120g Nordiskt Lakritskök,"30,90 kr","0.12kg 257,50 kr/kg",290 kcal,1250 kJ,0.5 g,0.5 g,68 g,48 g,4 g,1.2 g,1.2 g,,,,,,,,,,,,,,,,,,,,https://handlaprivatkund.ica.se/stores/1004181/products/lakrits-extra-salt-120g-nordiskt-lakritsk%C3%B6k/2159031
Popcorn Mikropopcorn smörsmak 3-p 270g ICA,"25,90 kr","0.27kg 95,93 kr/kg",448 kcal,1879 kJ,16 g,6.8 g,61 g,0.8 g,9.5 g,1.1 g,11 g,,,,,,,,,,,,,,,,,,,,https://handlaprivatkund.ica.se/stores/1004181/products/popcorn-mikropopcorn-sm%C3%B6rsmak-3-p-270g-ica/2149232
Nötbar Mörkchoklad 40g BE-Kind,"26,90 kr","0.04kg 672,50 kr/kg",515 kcal,2156 kJ,36 g,7.4 g,23 g,15 g,16 g,0.78 g,17 g,,,,,,,,,,,,,,,,,,,,https://handlaprivatkund.ica.se/stores/1004181/products/n%C3%B6tbar-m%C3%B6rkchoklad-40g-be-kind/2051389
Glass Mars 74ml Triumf Glass,"30,90 kr",,266 kcal,1114 kJ,14 g,8.3 g,33 g,25 g,2.8 g,0.1 g,,,,,,,,,,,,,,,,,,,,,https://handlaprivatkund.ica.se/stores/1004181/products/glass-mars-74ml-triumf-glass/1443719
Glass Choklad 900ml ICA,"46,90 kr","0.9L 52,11 kr/l",,,,,,,,,,,,,,,,,,,,,,,,,,,,,https://handlaprivatkund.ica.se/stores/1004181/products/glass-choklad-900ml-ica/1318988
Müslibar BIG vit choklad 40g Corny,"14,90 kr","0.04kg 372,50 kr/kg",435 kcal,1832 kJ,14 g,8.5 g,71 g,35 g,5.9 g,0.69 g,2.3 g,,,,,,,,,,,,,,,,,,,,https://handlaprivatkund.ica.se/stores/1004181/products/m%C3%BCslibar-big-vit-choklad-40g-corny/1530840
Sour cream & onion 40g Pringles,"18,90 kr","0.04kg 472,50 kr/kg",525 kcal,2191 kJ,30 g,2.8 g,56 g,2.5 g,6 g,1.3 g,3.4 g,,,,,,,,,,,,,,,,,,,,https://handlaprivatkund.ica.se/stores/1004181/products/sour-cream-onion-40g-pringles/1477150
Glass Mini Utopia double hazelnut 6-p Magnum,"69,00 kr","6 per frp 11,50 kr/st",358 kcal,1499 kJ,21 g,13 g,37 g,30 g,4.8 g,0.47 g,0.8 g,,,,,,,,,,,,,,,,,,,,https://handlaprivatkund.ica.se/stores/1004181/products/glass-mini-utopia-double-hazelnut-6-p-magnum/2154399
Glass White Chocolate Strawberry 100ml Magnum,"33,90 kr",,288 kcal,1203 kJ,17 g,11 g,30 g,26 g,3.8 g,0.13 g,,,,,,,,,,,,,,,,,,,,,https://handlaprivatkund.ica.se/stores/1004181/products/glass-white-chocolate-strawberry-100ml-magnum/2130093
Chokladpraliner Rocher 200g Ferrero,"88,00 kr","0.2kg 440,00 kr/kg",603 kcal,2506 kJ,42.7 g,14.1 g,44.4 g,39.9 g,8.2 g,0.153 g,,,,,,,,,,,,,,,,,,,,,https://handlaprivatkund.ica.se/stores/1004181/products/chokladpraliner-rocher-200g-ferrero/1007291
Toblerone 50g Marabou,"17,90 kr","0.05kg 358,00 kr/kg",535 kcal,2235 kJ,29.5 g,18 g,60.5 g,59.5 g,5.6 g,0.15 g,2.2 g,,,,,,,,,,,,,,,,,,,,https://handlaprivatkund.ica.se/stores/1004181/products/toblerone-50g-marabou/1001678
Persikor 80g Haribo,"13,90 kr","0.08kg 173,75 kr/kg",367 kcal,1558 kJ,0.5 g,0.1 g,86 g,68 g,4.4 g,0.01 g,,,,,,,,,,,,,,,,,,,,,https://handlaprivatkund.ica.se/stores/1004181/products/persikor-80g-haribo/1487536
Sesamkaka Jordnöt 30g Risenta,"10,90 kr","0.03kg 363,33 kr/kg",504 kcal,2100 kJ,32 g,5.1 g,40 g,25 g,13 g,0.8 g,5.2 g,,,,,,,,,,,,,,,,,,,,https://handlaprivatkund.ica.se/stores/1004181/products/sesamkaka-jordn%C3%B6t-30g-risenta/2083588
Chips Cheese & Onion 165g Pringles,"43,90 kr","0.165kg 266,06 kr/kg",516 kcal,2157 kJ,29 g,6.3 g,56 g,2.9 g,6.1 g,1.4 g,3.5 g,,,,,,,,,,,,,,,,,,,,https://handlaprivatkund.ica.se/stores/1004181/products/chips-cheese-onion-165g-pringles/2126421
Chokladkaka EXCELLENCE 90% Kakao Mörk Choklad 100g Lindt,"55,00 kr","0.1kg 550,00 kr/kg",592 kcal,2483 kJ,55 g,30 g,14 g,7 g,10 g,0.03 g,,,,,,,,,,,,,,,,,,,,,https://handlaprivatkund.ica.se/stores/1004181/products/chokladkaka-excellence-90-kakao-m%C3%B6rk-choklad-100g-lindt/1363756
Glass Vanilj Krossad Choklad 500ml GB Gräddglass,"18,90 kr","0.5L 37,80 kr/l",110 kcal,460 kJ,5.3 g,3.4 g,14 g,11 g,1.4 g,0.05 g,,,,,,,,,,,,,,,,,,,,,https://handlaprivatkund.ica.se/stores/1004181/products/glass-vanilj-krossad-choklad-500ml-gb-gr%C3%A4ddglass/2067306
Mini Marängtoppar 100g ICA,"35,90 kr","0.1kg 359,00 kr/kg",397 kcal,1686 kJ,0.1 g,0.1 g,94 g,81 g,5.1 g,0.11 g,,,,,,,,,,,,,,,,,,,,,https://handlaprivatkund.ica.se/stores/1004181/products/mini-mar%C3%A4ngtoppar-100g-ica/2015742
Popcorn färdigpoppade 80g ICA Basic,"11,90 kr","0.08kg 148,75 kr/kg",498 kcal,2075 kJ,28 g,2 g,47 g,0.9 g,6.8 g,2 g,,,,,,,,,,,,,,,,,,,,,https://handlaprivatkund.ica.se/stores/1004181/products/popcorn-f%C3%A4rdigpoppade-80g-ica-basic/2145571
Halstablett Fruity Fresh Lemon & natural menthol sockerfri 72g Vicks,"27,90 kr","0.072kg 387,50 kr/kg",238 kcal,992 kJ,0 g,0 g,97 g,0.5 g,0 g,0 g,,,,,,,,,,,,,,,,,,,,,https://handlaprivatkund.ica.se/stores/1004181/products/halstablett-fruity-fresh-lemon-natural-menthol-sockerfri-72g-vicks/1528040
Choklad Nougat Ljus 180g Tony's Chocolonely,"67,00 kr","0.18kg 372,22 kr/kg",535 kcal,2240 kJ,31 g,19 g,55 g,51 g,7.4 g,0.19 g,,,,,,,,,,,,,,,,,,,,,https://handlaprivatkund.ica.se/stores/1004181/products/choklad-nougat-ljus-180g-tony-s-chocolonely/1520478
Glass Magnum Mini Almond 6-p Magnum,"69,00 kr","6 per frp 11,50 kr/st",276 kcal,1154 kJ,17 g,10 g,26 g,24 g,3.8 g,0.11 g,,,,,,,,,,,,,,,,,,,,,https://handlaprivatkund.ica.se/stores/1004181/products/glass-magnum-mini-almond-6-p-magnum/2131229
Glass Chocolate Fudge Brownie 465ml Ben & Jerrys,"80,00 kr","0.465L 172,04 kr/l",218 kcal,914 kJ,11 g,6.8 g,25 g,23 g,3.7 g,0.2 g,,,,,,,,,,,,,,,,,,,,,https://handlaprivatkund.ica.se/stores/1004181/products/glass-chocolate-fudge-brownie-465ml-ben-jerrys/2054662
Glass Klassikerlåda 18-pack GB Glace,"168,00 kr","1.413L 118,90 kr/l",,,,,,,,,,,,,,,,,,,,,,,,,,,,,https://handlaprivatkund.ica.se/stores/1004181/products/glass-klassikerl%C3%A5da-18-pack-gb-glace/2035414
Choco Crunch 90g Olw,"40,90 kr","0.09kg 454,44 kr/kg",570 kcal,2360 kJ,36 g,16 g,53 g,38 g,7.9 g,0.84 g,,,,,,,,,,,,,,,,,,,,,https://handlaprivatkund.ica.se/stores/1004181/products/choco-crunch-90g-olw/2095717
Chokladkaka Vit choklad Strawberry Cheesecake 180g Tony's Chocolonely,"56,00 kr","0.18kg 311,11 kr/kg",542 kcal,2272 kJ,33 g,19 g,55 g,52 g,6.3 g,0.22 g,,,,,,,,,,,,,,,,,,,,,https://handlaprivatkund.ica.se/stores/1004181/products/chokladkaka-vit-choklad-strawberry-cheesecake-180g-tony-s-chocolonely/2112537
Cheez ballz liten påse 35g OLW,"11,90 kr","0.035kg 340,00 kr/kg",540 kcal,2250 kJ,31 g,5.5 g,54 g,2.8 g,11 g,1.9 g,,,,,,,,,,,,,,,,,,,,,https://handlaprivatkund.ica.se/stores/1004181/products/cheez-ballz-liten-p%C3%A5se-35g-olw/1129304
Nöt & bärmix 150g ICA Gott Liv,"49,90 kr","0.15kg 332,67 kr/kg",418 kcal,1750 kJ,23 g,3 g,52 g,43 g,7 g,0.01 g,6 g,,,,,,,,,,,,,,,,,,,,https://handlaprivatkund.ica.se/stores/1004181/products/n%C3%B6t-b%C3%A4rmix-150g-ica-gott-liv/1382315
Jordnötter Salta 275g Estrella,"33,90 kr","0.275kg 123,27 kr/kg",614 kcal,2545 kJ,50.7 g,8 g,11 g,5.3 g,24 g,1.4 g,8.2 g,,389 mg,,,,,,,,,,,,,,,,,,https://handlaprivatkund.ica.se/stores/1004181/products/jordn%C3%B6tter-salta-275g-estrella/1413099
Tyrkisk peber 150g Fazer,"27,90 kr","0.15kg 186,00 kr/kg",364 kcal,1528 kJ,0.5 g,0 g,89 g,72 g,0.5 g,1.56 g,,,,,,,,,,,,,,,,,,,,,https://handlaprivatkund.ica.se/stores/1004181/products/tyrkisk-peber-150g-fazer/1298340
Chips krispiga med smak av Tryffel 150g Gårdschips,"33,90 kr","0.15kg 226,00 kr/kg",499 kcal,2087 kJ,29.4 g,1.8 g,48.2 g,0.4 g,7.9 g,1.4 g,5.9 g,,,,,,,,,,,,,,,,,,,,https://handlaprivatkund.ica.se/stores/1004181/products/chips-krispiga-med-smak-av-tryffel-150g-g%C3%A5rdschips/1485190
Nötmix med pistage 200g ICA,"47,90 kr","0.2kg 239,50 kr/kg",612 kcal,2538 kJ,49 g,7.3 g,17 g,5.7 g,22.3 g,0.8 g,6.6 g,,,,,,,,,,,,,,,,,,,,https://handlaprivatkund.ica.se/stores/1004181/products/n%C3%B6tmix-med-pistage-200g-ica/2165533
Chokladkaka Mörk Chocolate Brownie 180g Tony's Chocolonely,"56,00 kr","0.18kg 311,11 kr/kg",540 kcal,2259 kJ,34 g,20 g,48 g,43 g,7.7 g,0.19 g,,,,,,,,,,,,,,,,,,,,,https://handlaprivatkund.ica.se/stores/1004181/products/chokladkaka-m%C3%B6rk-chocolate-brownie-180g-tony-s-chocolonely/2112538
Chips Havssalt Grytfriterade 180g ICA,"32,90 kr","0.18kg 182,78 kr/kg",513 kcal,2148 kJ,28 g,2.8 g,57 g,0.6 g,6.8 g,1.4 g,,,,,,,,,,,,,,,,,,,,,https://handlaprivatkund.ica.se/stores/1004181/products/chips-havssalt-grytfriterade-180g-ica/2072509
"Chips Brynt Smör, Vitlök, Havssalt 275g Estrella","40,90 kr","0.275kg 148,73 kr/kg",518 kcal,2156 kJ,33 g,2.7 g,46 g,2.9 g,5.6 g,1.4 g,5.1 g,,,,,,,,,,,,,,,,,,,,https://handlaprivatkund.ica.se/stores/1004181/products/chips-brynt-sm%C3%B6r-vitl%C3%B6k-havssalt-275g-estrella/2165273
Twister 1-p GB Glace,"16,90 kr",,98 kcal,411 kJ,0.5 g,0.4 g,22 g,17 g,0.5 g,0.03 g,,,,,,,,,,,,,,,,,,,,,https://handlaprivatkund.ica.se/stores/1004181/products/twister-1-p-gb-glace/2108936
Müslibar BIG Chocolate 50g Corny,"14,90 kr","0.05kg 298,00 kr/kg",441 kcal,1853 kJ,16 g,9.4 g,67 g,34 g,6 g,0.53 g,3.2 g,,,,,,,,,,,,,,,,,,,,https://handlaprivatkund.ica.se/stores/1004181/products/m%C3%BCslibar-big-chocolate-50g-corny/1462989
Chokladkaka Frukt & Mandel 100g Marabou,"33,90 kr","0.1kg 339,00 kr/kg",520 kcal,2175 kJ,29.5 g,16 g,56.5 g,55.5 g,5.3 g,0.28 g,2.9 g,,,,,,,,,,,,,,,,,,,,https://handlaprivatkund.ica.se/stores/1004181/products/chokladkaka-frukt-mandel-100g-marabou/1005050
Dadlar Färska 400g Klass 1 ICA,"49,90 kr","0.4kg 124,75 kr/kg",,,,,,,,,,,,,,,,,,,,,,,,,,,,,https://handlaprivatkund.ica.se/stores/1004181/products/dadlar-f%C3%A4rska-400g-klass-1-ica/2060990
Godis Gott & Blandat Super sur 170g Malaco,"26,90 kr","0.17kg 158,24 kr/kg",360 kcal,1523 kJ,0.1 g,0.1 g,86 g,57 g,3.1 g,0.52 g,,,,,,,,,,,,,,,,,,,,,https://handlaprivatkund.ica.se/stores/1004181/products/godis-gott-blandat-super-sur-170g-malaco/1431986
LantChips Chili Habanero 200g LantChips,"30,90 kr","0.2kg 154,50 kr/kg",525 kcal,2295 kJ,28 g,2.5 g,57 g,4.1 g,6.9 g,1.5 g,,,,,,,,,,,,,,,,,,,,,https://handlaprivatkund.ica.se/stores/1004181/products/lantchips-chili-habanero-200g-lantchips/2138836
Gräddglass Vår finaste Salt Karamell 500ml SIA GLASS,"63,00 kr","0.5L 126,00 kr/l",260 kcal,1100 kJ,14 g,9.1 g,30 g,27 g,3.4 g,0.4 g,0 g,0 g,,0 µg,0 µg,0 µg,0 µg,,,,,,,,,,,,,,https://handlaprivatkund.ica.se/stores/1004181/products/gr%C3%A4ddglass-v%C3%A5r-finaste-salt-karamell-500ml-sia-glass/2067317
Cheez cruncherz Hot Chili 225g OLW,"42,90 kr","0.225kg 190,67 kr/kg",590 kcal,2450 kJ,42 g,5.5 g,45 g,3.3 g,7.8 g,1.6 g,,,,,,,,,,,,,,,,,,,,,https://handlaprivatkund.ica.se/stores/1004181/products/cheez-cruncherz-hot-chili-225g-olw/1485146
Tuggummi sockerfri Infinity Raspberry/Peach 30g Stimorol,"22,90 kr","0.03kg 763,33 kr/kg",187 kcal,781 kJ,1.5 g,1 g,69 g,0.1 g,1.3 g,0.01 g,,69 g,,,,,,,,,,,,,,,,,,,https://handlaprivatkund.ica.se/stores/1004181/products/tuggummi-sockerfri-infinity-raspberry-peach-30g-stimorol/2150719
Halstabletter Original 75g Dr Dryels,"20,90 kr","0.075kg 278,67 kr/kg",390 kcal,1658 kJ,0 g,0 g,98 g,82 g,0 g,0.18 g,,0 g,,,,,,,,,,,,,,,,,,,https://handlaprivatkund.ica.se/stores/1004181/products/halstabletter-original-75g-dr-dryels/1004577
Nötmix BBQ 140g Treatville,"25,90 kr","0.14kg 185,00 kr/kg",581 kcal,2410 kJ,44 g,6.4 g,23 g,5.6 g,21 g,1.2 g,,,,,,,,,,,,,,,,,,,,,https://handlaprivatkund.ica.se/stores/1004181/products/n%C3%B6tmix-bbq-140g-treatville/2125351
Choklad Daim Bites 145g Marabou,"59,00 kr","0.145kg 406,90 kr/kg",510 kcal,2134 kJ,27 g,15 g,61 g,53 g,5.3 g,0.82 g,1.7 g,,,,,,,,,,,,,,,,,,,,https://handlaprivatkund.ica.se/stores/1004181/products/choklad-daim-bites-145g-marabou/2000552
Sportlunch 80g Cloetta,"24,90 kr","0.08kg 311,25 kr/kg",527 kcal,2214 kJ,29 g,17 g,60 g,52 g,6.6 g,0.35 g,,,,,,,,,,,,,,,,,,,,,https://handlaprivatkund.ica.se/stores/1004181/products/sportlunch-80g-cloetta/1002459
Naturella cashewnötter 70g ICA Gott Liv,"24,90 kr","0.07kg 355,71 kr/kg",597 kcal,2499 kJ,48 g,8.7 g,19 g,5.9 g,18 g,0 g,8.3 g,,,,,,,5 mg,257 mg,4.7 mg,,,,,,,,,,,https://handlaprivatkund.ica.se/stores/1004181/products/naturella-cashewn%C3%B6tter-70g-ica-gott-liv/1484472
Kexchoklad minirutor 150g Cloetta,"43,90 kr","0.15kg 292,67 kr/kg",507 kcal,2126 kJ,25 g,15 g,60 g,44 g,9.6 g,0.4 g,,,,,,,,,,,,,,,,,,,,,https://handlaprivatkund.ica.se/stores/1004181/products/kexchoklad-minirutor-150g-cloetta/1298061
S-märken Salt 70g Candypeople,"16,90 kr","0.07kg 241,43 kr/kg",350 kcal,1450 kJ,0 g,0 g,83 g,77 g,2.8 g,0 g,,,,,,,,,,,,,,,,,,,,,https://handlaprivatkund.ica.se/stores/1004181/products/s-m%C3%A4rken-salt-70g-candypeople/1499447
Cashewnötter 400g ICA Basic,"73,00 kr","0.4kg 182,50 kr/kg",611 kcal,2534 kJ,49 g,8.5 g,21 g,5.4 g,19 g,0.8 g,,,,,,,,,,,,,,,,,,,,,https://handlaprivatkund.ica.se/stores/1004181/products/cashewn%C3%B6tter-400g-ica-basic/1504513
Choklad Polly Banana Split 150g Cloetta,"40,90 kr","0.15kg 272,67 kr/kg",470 kcal,1968 kJ,19 g,11 g,71 g,68 g,4.3 g,0.11 g,,,,,,,,,,,,,,,,,,,,,https://handlaprivatkund.ica.se/stores/1004181/products/choklad-polly-banana-split-150g-cloetta/2166235
Kick Original 19g,"7,90 kr","0.019kg 415,79 kr/kg",436 kcal,1833 kJ,15 g,15 g,72 g,53 g,2.8 g,0.11 g,,,,,,,,,,,,,,,,,,,,,https://handlaprivatkund.ica.se/stores/1004181/products/kick-original-19g/1297894
Tuggummi Black mint 29g Extra,"22,90 kr","0.029kg 789,66 kr/kg",141 kcal,586 kJ,0 g,0 g,59 g,0 g,0 g,0 g,,59 g,,,,,,,,,,,,,,,,,,,https://handlaprivatkund.ica.se/stores/1004181/products/tuggummi-black-mint-29g-extra/2128785
Tuggummi White Sweet fruit 29g Extra,"22,90 kr","0.029kg 789,66 kr/kg",162 kcal,674 kJ,0 g,0 g,67 g,0 g,0 g,5 g,,67 g,,,,,,,,,,,,,,,,,,,https://handlaprivatkund.ica.se/stores/1004181/products/tuggummi-white-sweet-fruit-29g-extra/2024084
LantChips Lagrad Ost Räfflade 200g LantChips,"30,90 kr","0.2kg 154,50 kr/kg",487 kcal,2039 kJ,25.6 g,2.8 g,55.6 g,2.3 g,8.7 g,1.4 g,,,,,,,,,,,,,,,,,,,,,https://handlaprivatkund.ica.se/stores/1004181/products/lantchips-lagrad-ost-r%C3%A4fflade-200g-lantchips/2165290
Chips Tzatziki 150g Redhead,"40,90 kr","0.15kg 272,67 kr/kg",486 kcal,2032 kJ,26 g,2.7 g,56 g,2.2 g,8.7 g,1.4 g,,,,,,,,,,,,,,,,,,,,,https://handlaprivatkund.ica.se/stores/1004181/products/chips-tzatziki-150g-redhead/2165280
Marconamandlar Rostade med havssalt 100g ExoticSnacks,"55,00 kr","0.15kg 366,67 kr/kg",,,,,,,,,,,,,,,,,,,,,,,,,,,,,https://handlaprivatkund.ica.se/stores/1004181/products/marconamandlar-rostade-med-havssalt-100g-exoticsnacks/2164033
Chokladpåse Non Stop 150g Marabou,"47,90 kr","0.15kg 319,33 kr/kg",483 kcal,2027 kJ,20 g,11 g,70 g,69 g,3.5 g,0.01 g,5.2 g,,,,,,,,,,,,,,,,,,,,https://handlaprivatkund.ica.se/stores/1004181/products/chokladp%C3%A5se-non-stop-150g-marabou/2159033
Torkad frukt Tropisk Dried Melon 200g Sunshine Delights,"66,00 kr","0.2kg 330,00 kr/kg",337 kcal,1415 kJ,0.2 g,0.1 g,81 g,73 g,0.9 g,1.6 g,3.8 g,,,,,,,,,,,,,,,,,,,,https://handlaprivatkund.ica.se/stores/1004181/products/torkad-frukt-tropisk-dried-melon-200g-sunshine-delights/2149796
Sockervadd Jordgubb 50g Fluffyz,"24,90 kr","0.05kg 498,00 kr/kg",404 kcal,1690 kJ,0 g,0 g,100 g,100 g,0 g,0 g,,,,,,,,,,,,,,,,,,,,,https://handlaprivatkund.ica.se/stores/1004181/products/sockervadd-jordgubb-50g-fluffyz/1500107
Choklad Kex med nougatsmak 50g Marabou,"17,90 kr","0.05kg 358,00 kr/kg",525 kcal,2196 kJ,28 g,15 g,60 g,40 g,6.5 g,0.4 g,2.5 g,,,,,,,,,,,,,,,,,,,,https://handlaprivatkund.ica.se/stores/1004181/products/choklad-kex-med-nougatsmak-50g-marabou/2011535
Halstablett Mixed Berry Sockerfri 25g Fishermans,"20,90 kr","0.025kg 836,00 kr/kg",249 kcal,1037 kJ,1.2 g,1.2 g,97 g,0.5 g,0.5 g,0.01 g,,95 g,,,,,,,,,,,,,,,,,,,https://handlaprivatkund.ica.se/stores/1004181/products/halstablett-mixed-berry-sockerfri-25g-fishermans/2159291
Kexchoklad mini 156g Cloetta,"36,90 kr","0.156kg 236,54 kr/kg",502 kcal,2106 kJ,24 g,14 g,61 g,42 g,9.7 g,0.41 g,,,,,,,,,,,,,,,,,,,,,https://handlaprivatkund.ica.se/stores/1004181/products/kexchoklad-mini-156g-cloetta/1403789
Chips Paprika 165g Pringles,"43,90 kr","0.165kg 266,06 kr/kg",518 kcal,2164 kJ,29 g,6.3 g,56 g,3.9 g,6.4 g,1.4 g,3.8 g,,,,,,,,,,,,,,,,,,,,https://handlaprivatkund.ica.se/stores/1004181/products/chips-paprika-165g-pringles/2126260
Mjölkchoklad bar Schweizernöt 43g Marabou,"17,90 kr","0.043kg 416,28 kr/kg",559 kcal,2331 kJ,35 g,17 g,53 g,52 g,5.7 g,0.23 g,2.8 g,,,,,,,,,,,,,,,,,,,,https://handlaprivatkund.ica.se/stores/1004181/products/mj%C3%B6lkchoklad-bar-schweizern%C3%B6t-43g-marabou/2079526
"Glass Magnum mini Classic, Almond, White chocolate 6-p Magnum","69,00 kr","6 per frp 11,50 kr/st",,,,,,,,,,,,,,,,,,,,,,,,,,,,,https://handlaprivatkund.ica.se/stores/1004181/products/glass-magnum-mini-classic-almond-white-chocolate-6-p-magnum/2131230
Godis Saltlaktris 130g Ahlgrens Bilar,"24,90 kr","0.13kg 191,54 kr/kg",358 kcal,1474 kJ,0.2 g,,83 g,61 g,3.8 g,0.19 g,,,,,,,,,,,0 g,,,,,,,,,,https://handlaprivatkund.ica.se/stores/1004181/products/godis-saltlaktris-130g-ahlgrens-bilar/1383915
Pecannötter 100g ICA gott liv,"52,00 kr","0.1kg 520,00 kr/kg",714 kcal,2988 kJ,73 g,6.2 g,4 g,4 g,10 g,0 g,13 g,,,,,,,,,4.1 mg,,,,,,,,,,,https://handlaprivatkund.ica.se/stores/1004181/products/pecann%C3%B6tter-100g-ica-gott-liv/1383759
Halstabletter Salvi 25g Sockerfri Läkerol,"19,90 kr","0.025kg 796,00 kr/kg",192 kcal,800 kJ,0.3 g,0.2 g,51 g,0 g,1.1 g,0.38 g,,50 g,,,,,,,,,,,,,,,,,,,https://handlaprivatkund.ica.se/stores/1004181/products/halstabletter-salvi-25g-sockerfri-l%C3%A4kerol/1487412
Noblesse Original crisp 150g Marabou,"69,00 kr","0.15kg 460,00 kr/kg",559 kcal,2333 kJ,35 g,21 g,55 g,50 g,4.7 g,0.35 g,2.3 g,,,,,,,,,,,,,,,,,,,,https://handlaprivatkund.ica.se/stores/1004181/products/noblesse-original-crisp-150g-marabou/1006875
"Sorbet Hallon 0,5l Triumf Glass","24,90 kr","0.5L 49,80 kr/l",120 kcal,500 kJ,0.5 g,0.5 g,28 g,25 g,0.5 g,0.01 g,,,,,,,,,,,,,,,,,,,,,https://handlaprivatkund.ica.se/stores/1004181/products/sorbet-hallon-0-5l-triumf-glass/1456572
Majskoner Choklad Smash! 200g OLW,"66,00 kr","0.2kg 330,00 kr/kg",540 kcal,2260 kJ,33 g,16 g,53 g,38 g,8.1 g,0.88 g,,,,,,,,,,,,,,,,,,,,,https://handlaprivatkund.ica.se/stores/1004181/products/majskoner-choklad-smash-200g-olw/2168231
Dadlar Sour Watermelon 125g DAVE & JON'S,"29,90 kr","0.125kg 239,20 kr/kg",320 kcal,1340 kJ,3 g,1.8 g,64.8 g,52.3 g,2.1 g,0 g,11.4 g,,,,,,,,,,,,,,,,,,,,https://handlaprivatkund.ica.se/stores/1004181/products/dadlar-sour-watermelon-125g-dave-jon-s/2149660
Torkad Mango 200g Sunshine Delights,"60,00 kr","0.2kg 300,00 kr/kg",341 kcal,1448 kJ,0.6 g,0 g,80 g,70 g,1.8 g,0.3 g,4.4 g,,,,,,,,,,,,,,,,,,,,https://handlaprivatkund.ica.se/stores/1004181/products/torkad-mango-200g-sunshine-delights/2125896
Chips Original 165g Pringles,"43,90 kr","0.165kg 266,06 kr/kg",534 kcal,2227 kJ,31 g,6.6 g,56 g,1.4 g,5.9 g,1.1 g,3.5 g,,,,,,,,,,,,,,,,,,,,https://handlaprivatkund.ica.se/stores/1004181/products/chips-original-165g-pringles/2125906
Glass Magnum Euphoria 90ml Magnum,"34,90 kr",,240 kcal,1002 kJ,14 g,9.1 g,26 g,22 g,2.9 g,0.11 g,,,,,,,,,,,,,,,,,,,,,https://handlaprivatkund.ica.se/stores/1004181/products/glass-magnum-euphoria-90ml-magnum/2130095
Godispåse Syrlig Frukt 130g Ahlgrens Bilar,"24,90 kr","0.13kg 191,54 kr/kg",358 kcal,1522 kJ,0.1 g,0.1 g,84 g,62 g,3.7 g,0.02 g,,,,,,,,,,,,,,,,,,,,,https://handlaprivatkund.ica.se/stores/1004181/products/godisp%C3%A5se-syrlig-frukt-130g-ahlgrens-bilar/2150783
Glass Favorites Daim 825ml GB Glace,"47,90 kr","0.825L 58,06 kr/l",239 kcal,999 kJ,11 g,8.1 g,32 g,27 g,2.5 g,0.24 g,,,,,,,,,,,,,,,,,,,,,https://handlaprivatkund.ica.se/stores/1004181/products/glass-favorites-daim-825ml-gb-glace/2130396
Big pack Tresmak 2l GB Glace,"38,90 kr","2L 19,45 kr/l",179 kcal,749 kJ,6.2 g,5.6 g,30 g,20 g,0.6 g,0.11 g,,,,,,,,,,,,,,,,,,,,,https://handlaprivatkund.ica.se/stores/1004181/products/big-pack-tresmak-2l-gb-glace/2094199
Wasabinötter 110g Exotic Snacks,"21,90 kr","0.11kg 199,09 kr/kg",460 kcal,1900 kJ,19 g,6.2 g,60 g,23 g,10 g,1 g,2.8 g,,,,,,,,,,,,,,,,,,,,https://handlaprivatkund.ica.se/stores/1004181/products/wasabin%C3%B6tter-110g-exotic-snacks/2138839
Guldnougat Dubbel 50g Cloetta,"15,90 kr","0.05kg 318,00 kr/kg",550 kcal,2300 kJ,33 g,13 g,56 g,55 g,6 g,0.25 g,,,,,,,,,,,,,,,,,,,,,https://handlaprivatkund.ica.se/stores/1004181/products/guldnougat-dubbel-50g-cloetta/1363641
Chokladbar Lion 42g Nestle,"14,90 kr","0.042kg 354,76 kr/kg",488 kcal,2046 kJ,22 g,12 g,66.8 g,53 g,4.9 g,0.49 g,1.3 g,,,,,,,,,,,,,,,,,,,,https://handlaprivatkund.ica.se/stores/1004181/products/chokladbar-lion-42g-nestle/2057877
Godisstänger Lakritsi Lemon stång 20g Fazer,"6,90 kr","0.02kg 345,00 kr/kg",348 kcal,1458 kJ,0.5 g,0 g,82 g,57 g,2.7 g,0.25 g,,,,,,,,,,,,,,,,,,,,,https://handlaprivatkund.ica.se/stores/1004181/products/godisst%C3%A4nger-lakritsi-lemon-st%C3%A5ng-20g-fazer/2141182
Chokladkaka Apelsinkrokant 160g Marabou,"38,90 kr","0.16kg 243,13 kr/kg",531 kcal,2219 kJ,29 g,17 g,61 g,54 g,4.3 g,0.49 g,1.8 g,,,,,,,,,,,,,,,,,,,,https://handlaprivatkund.ica.se/stores/1004181/products/chokladkaka-apelsinkrokant-160g-marabou/2166166
Cool Hallon Skalle 175g Bubs Godis,"24,90 kr","0.175kg 142,29 kr/kg",351 kcal,1468 kJ,0 g,0 g,87 g,61 g,0.4 g,0.1 g,,,,,,,,,,,,,,,,,,,,,https://handlaprivatkund.ica.se/stores/1004181/products/cool-hallon-skalle-175g-bubs-godis/1508869
Godis Jordgubb Cola Sockerfri 70g Wellibites,"36,90 kr","0.07kg 527,14 kr/kg",243 kcal,1012 kJ,0 g,0 g,90 g,0 g,0.3 g,0.11 g,,61 g,,,,,,,79 mg,,0 g,0 g,,,,,,,,,https://handlaprivatkund.ica.se/stores/1004181/products/godis-jordgubb-cola-sockerfri-70g-wellibites/2075346
Russin Kärnfria 6-p 252g ICA,"43,90 kr","0.252kg 174,21 kr/kg",320 kcal,1400 kJ,0.5 g,0.2 g,78 g,73 g,2.5 g,0.06 g,5 g,,,,,,,,,,,,,,,,,,,,https://handlaprivatkund.ica.se/stores/1004181/products/russin-k%C3%A4rnfria-6-p-252g-ica/1129272
Halstabletter YUP Wild sour Sockerfri 30g Läkerol,"24,90 kr","0.03kg 830,00 kr/kg",207 kcal,854 kJ,0.2 g,0.2 g,58 g,0 g,0.7 g,0.12 g,,57 g,,,,,,,,,,,,,,,,,,,https://handlaprivatkund.ica.se/stores/1004181/products/halstabletter-yup-wild-sour-sockerfri-30g-l%C3%A4kerol/1422244
Godis Lakritsdäck 130g Ahlgrens Bilar,"24,90 kr","0.13kg 191,54 kr/kg",356 kcal,1463 kJ,0.2 g,0.2 g,82 g,56 g,4.3 g,0.22 g,,,,,,,,,,,,,,,,,,,,,https://handlaprivatkund.ica.se/stores/1004181/products/godis-lakritsd%C3%A4ck-130g-ahlgrens-bilar/2112347
Godispåse StjärnMix 170g Haribo,"24,90 kr","0.17kg 146,47 kr/kg",348 kcal,1476 kJ,0.5 g,0.1 g,79 g,49 g,6.1 g,0.01 g,,,,,,,,,,,,,,,,,,,,,https://handlaprivatkund.ica.se/stores/1004181/products/godisp%C3%A5se-stj%C3%A4rnmix-170g-haribo/2018559
Västkustchips Vitlök Gräslök Chili 180g Estrella,"35,90 kr","0.18kg 199,44 kr/kg",475 kcal,1984 kJ,26 g,2.2 g,51 g,3 g,6.7 g,1.2 g,5.9 g,,,,,,,,,,,,,,,,,,,,https://handlaprivatkund.ica.se/stores/1004181/products/v%C3%A4stkustchips-vitl%C3%B6k-gr%C3%A4sl%C3%B6k-chili-180g-estrella/1531000
Glass Nougat 500ml GB Gräddglass,"18,90 kr","0.5L 37,80 kr/l",124 kcal,519 kJ,6.1 g,2.3 g,15 g,13 g,1.6 g,0.06 g,,,,,,,,,,,,,,,,,,,,,https://handlaprivatkund.ica.se/stores/1004181/products/glass-nougat-500ml-gb-gr%C3%A4ddglass/2067299
Hasselnötter 175g ICA gott liv,"59,00 kr","0.175kg 337,14 kr/kg",711 kcal,2935 kJ,68 g,8.5 g,8 g,2.3 g,14 g,0 g,5.8 g,,,,,,,3 mg,,,,,,,,,,,,,https://handlaprivatkund.ica.se/stores/1004181/products/hasseln%C3%B6tter-175g-ica-gott-liv/1383748
Gelégodis Fläder & hallon Vegansk 70g Wellibites,"36,90 kr","0.07kg 527,14 kr/kg",204 kcal,852 kJ,0 g,0 g,93 g,0 g,0.3 g,0.1 g,,73 g,,,,,,,,2.5 mg,0 g,0 g,,,,,,,,,https://handlaprivatkund.ica.se/stores/1004181/products/gel%C3%A9godis-fl%C3%A4der-hallon-vegansk-70g-wellibites/2039397
Chips Dill & Wasabi 150g Redhead,"40,90 kr","0.15kg 272,67 kr/kg",488 kcal,2040 kJ,26 g,2.6 g,56.8 g,1.4 g,8 g,1.4 g,,,,,,,,,,,,,,,,,,,,,https://handlaprivatkund.ica.se/stores/1004181/products/chips-dill-wasabi-150g-redhead/2149630
Mjölkchoklad 43g Marabou,"17,90 kr","0.043kg 416,28 kr/kg",550 kcal,2290 kJ,32 g,19.5 g,58.5 g,58 g,4.7 g,0.33 g,2 g,,,,,,,,,,,,,,,,,,,,https://handlaprivatkund.ica.se/stores/1004181/products/mj%C3%B6lkchoklad-43g-marabou/1353684
Tuggummi Eukalyptus Sockerfri 84g Extra,"56,00 kr","0.084kg 666,67 kr/kg",147 kcal,614 kJ,0 g,0 g,61 g,0 g,0 g,0 g,,61 g,,,,,,,,,,,,,,,,,,,https://handlaprivatkund.ica.se/stores/1004181/products/tuggummi-eukalyptus-sockerfri-84g-extra/1455175
Bilar Sursockrade 130g Ahlgrens Bilar,"24,90 kr","0.13kg 191,54 kr/kg",354 kcal,1497 kJ,0.1 g,0 g,84 g,62 g,3.7 g,0.02 g,,,,,,,,,,,,,,,,,,,,,https://handlaprivatkund.ica.se/stores/1004181/products/bilar-sursockrade-130g-ahlgrens-bilar/1343597
Jordnötsringar 250g Estrella,"39,90 kr","0.25kg 159,60 kr/kg",465 kcal,1945 kJ,25 g,3.1 g,46 g,8.4 g,12 g,2.3 g,5.5 g,,,,,,,,,,,,,,,,,,,,https://handlaprivatkund.ica.se/stores/1004181/products/jordn%C3%B6tsringar-250g-estrella/2061860
Chokladkaka Daim 160g Marabou,"38,90 kr","0.16kg 243,13 kr/kg",544 kcal,2272 kJ,32 g,18 g,60 g,59 g,3.8 g,0.49 g,1.6 g,,,,,,,,,,,,,,,,,,,,https://handlaprivatkund.ica.se/stores/1004181/products/chokladkaka-daim-160g-marabou/2166165
Chokladkaka Mandel Choco lonely 47g Tony's,"21,90 kr","0.047kg 465,96 kr/kg",539 kcal,2252 kJ,35 g,18 g,44 g,42 g,7.4 g,0.51 g,,,,,,,,,,,,,,,,,,,,,https://handlaprivatkund.ica.se/stores/1004181/products/chokladkaka-mandel-choco-lonely-47g-tony-s/2096162
Rotfruktschips 100g KRAV ICA I love eco,"35,90 kr","0.1kg 359,00 kr/kg",520 kcal,2150 kJ,36 g,3.1 g,38 g,18 g,5.6 g,1.3 g,12.6 g,,,,,,,,,,,,,,,,,,,,https://handlaprivatkund.ica.se/stores/1004181/products/rotfruktschips-100g-krav-ica-i-love-eco/1441163
Glass Pirulo Watermelon 1-p Nestle,"20,90 kr",,88 kcal,372 kJ,0.5 g,0.2 g,21 g,16 g,0.5 g,0.01 g,0.5 g,,,,,,,,,,,,,,,,,,,,https://handlaprivatkund.ica.se/stores/1004181/products/glass-pirulo-watermelon-1-p-nestle/2014821
Caramel Brownie Party 465ml Ben & Jerrys,"80,00 kr","0.465L 172,04 kr/l",228 kcal,956 kJ,12 g,7.4 g,27 g,23 g,3.5 g,0.38 g,,,,,,,,,,,,,,,,,,,,,https://handlaprivatkund.ica.se/stores/1004181/products/caramel-brownie-party-465ml-ben-jerrys/2094158
Lakrisal 25g Leaf,"9,90 kr","0.026kg 380,77 kr/kg",371 kcal,1576 kJ,0.8 g,0.8 g,90 g,85 g,1 g,0.47 g,,,,,,,,,,,,,,,,,,,,,https://handlaprivatkund.ica.se/stores/1004181/products/lakrisal-25g-leaf/1007821
Mjölkchoklad Bubblig 60g Marabou,"33,90 kr","0.06kg 565,00 kr/kg",550 kcal,2290 kJ,32 g,19 g,59 g,58.5 g,4.6 g,0.33 g,2 g,,,,,,,,,,,,,,,,,,,,https://handlaprivatkund.ica.se/stores/1004181/products/mj%C3%B6lkchoklad-bubblig-60g-marabou/1432500
Gräddglass Vanilj Laktosfri 750ml Sia Glass,"47,90 kr","0.75L 63,87 kr/l",210 kcal,850 kJ,10 g,6.7 g,23 g,23 g,4.6 g,0.1 g,0.5 g,,,0 µg,0 µg,0 µg,0 µg,,,,,,,,,,,,,,https://handlaprivatkund.ica.se/stores/1004181/products/gr%C3%A4ddglass-vanilj-laktosfri-750ml-sia-glass/2077528
Gräddkarameller Sockerfri 70g Werthers original,"29,90 kr","0.07kg 427,14 kr/kg",290 kcal,1203 kJ,8.8 g,5.7 g,87 g,0.5 g,0.2 g,1.2 g,,,,,,,,,,,,,,,,,,,,,https://handlaprivatkund.ica.se/stores/1004181/products/gr%C3%A4ddkarameller-sockerfri-70g-werthers-original/1335140
Chokladkaka Premium 70% kakao 100g Marabou,"51,00 kr","0.1kg 510,00 kr/kg",600 kcal,2490 kJ,46.5 g,29 g,32 g,28 g,7.1 g,0.03 g,11 g,,,,,,,,,,,,,,,,,,,,https://handlaprivatkund.ica.se/stores/1004181/products/chokladkaka-premium-70-kakao-100g-marabou/1006756
Västkustchips Tryffel och havssalt LTD 160g Estrella,"35,90 kr","0.16kg 224,38 kr/kg",458 kcal,1916 kJ,23 g,1.9 g,54 g,1.5 g,6.8 g,1.2 g,6.1 g,,,,,,,,,,,,,,,,,,,,https://handlaprivatkund.ica.se/stores/1004181/products/v%C3%A4stkustchips-tryffel-och-havssalt-ltd-160g-estrella/2125915
Glasspinne Exotic 90ml Solero,"27,90 kr",,108 kcal,453 kJ,2.6 g,2.1 g,19 g,13 g,1.2 g,0.06 g,,,,,,,,,,,,,,,,,,,,,https://handlaprivatkund.ica.se/stores/1004181/products/glasspinne-exotic-90ml-solero/2077330
Plommon urkärnade 250g ICA,"44,90 kr","0.25kg 179,60 kr/kg",278 kcal,1163 kJ,0.5 g,0.5 g,66 g,42 g,2.9 g,0 g,8.8 g,,,,,,,,,,,,,,,,,,,,https://handlaprivatkund.ica.se/stores/1004181/products/plommon-urk%C3%A4rnade-250g-ica/2040975
Glass Bonbon Gold Billionaire 204 Milliliter Magnum,"64,00 kr","0.204L 313,73 kr/l",356 kcal,1489 kJ,20 g,12 g,39 g,33 g,5.2 g,0.45 g,0.5 g,,,,,,,,,,,,,,,,,,,,https://handlaprivatkund.ica.se/stores/1004181/products/glass-bonbon-gold-billionaire-204-milliliter-magnum/2143315
Glasstrut Daim1-p GB Glass,"33,90 kr",,217 kcal,908 kJ,13 g,8.7 g,24 g,18 g,2.2 g,0.19 g,,,,,,,,,,,,,,,,,,,,,https://handlaprivatkund.ica.se/stores/1004181/products/glasstrut-daim1-p-gb-glass/2054697
Tuggummi Sockerfri Strong Teeth Sweet Menthol 30g V6,"24,90 kr","0.03kg 830,00 kr/kg",173 kcal,722 kJ,0.7 g,0.1 g,68 g,0.1 g,0.2 g,0.07 g,,68 g,,,,,,,,,,,10 mg,,,,,,,,https://handlaprivatkund.ica.se/stores/1004181/products/tuggummi-sockerfri-strong-teeth-sweet-menthol-30g-v6/2150707
Nötmix Saltade Jordnötter Cashew & Mandlar 200g ICA,"41,90 kr","0.2kg 209,50 kr/kg",618 kcal,2560 kJ,51 g,7.6 g,13 g,5 g,23 g,1 g,7 g,,,,,,,,,,,,,,,,,,,,https://handlaprivatkund.ica.se/stores/1004181/products/n%C3%B6tmix-saltade-jordn%C3%B6tter-cashew-mandlar-200g-ica/2058363
Chokladkaka Rocher White 90g Ferrero,"36,90 kr","0.09kg 410,00 kr/kg",610 kcal,2538 kJ,43.4 g,22 g,44.9 g,44.7 g,9.2 g,0.346 g,,,,,,,,,,,,,,,,,,,,,https://handlaprivatkund.ica.se/stores/1004181/products/chokladkaka-rocher-white-90g-ferrero/2117691
Nöt & Bärmix 70g ICA Gott Liv,"24,90 kr","0.07kg 355,71 kr/kg",553 kcal,2293 kJ,41 g,5.5 g,22 g,13 g,19 g,0.02 g,9.9 g,,,,,,,,,,,,,,,,,,,,https://handlaprivatkund.ica.se/stores/1004181/products/n%C3%B6t-b%C3%A4rmix-70g-ica-gott-liv/1484473
Tablettask Tutti Frutti 38g Fazer,"11,90 kr","0.038kg 313,16 kr/kg",360 kcal,1521 kJ,0.5 g,0.1 g,91 g,43 g,0.5 g,0.59 g,,,,,,,,,,,,,,,,,,,,,https://handlaprivatkund.ica.se/stores/1004181/products/tablettask-tutti-frutti-38g-fazer/2117795
Tablettask Viol 38g Fazer,"11,90 kr","0.038kg 313,16 kr/kg",363 kcal,1532 kJ,0.5 g,0 g,90 g,45 g,0.5 g,0.61 g,,,,,,,,,,,,,,,,,,,,,https://handlaprivatkund.ica.se/stores/1004181/products/tablettask-viol-38g-fazer/2166381
"Müslibar BIG Chocolate, Biscuit & Marshmallow 40g Corny","14,90 kr","0.04kg 372,50 kr/kg",415 kcal,1744 kJ,13 g,8.6 g,67 g,35 g,5.5 g,0.43 g,3.8 g,,,,,,,,,,,,,,,,,,,,https://handlaprivatkund.ica.se/stores/1004181/products/m%C3%BCslibar-big-chocolate-biscuit-marshmallow-40g-corny/2117945
Gräddkaramell 135g Werther's Original,"29,90 kr","0.135kg 221,48 kr/kg",425 kcal,1797 kJ,8.6 g,5.8 g,86.7 g,71.5 g,0.3 g,1 g,,,,,,,,,,,,,,,,,,,,,https://handlaprivatkund.ica.se/stores/1004181/products/gr%C3%A4ddkaramell-135g-werther-s-original/1305753
Marsipanbröd Nougat 40g Anthon Berg,"17,90 kr","0.04kg 447,50 kr/kg",542 kcal,2266 kJ,34 g,11 g,47 g,42 g,9.2 g,0.01 g,,,,,,,,,,,,,,,,,,,,,https://handlaprivatkund.ica.se/stores/1004181/products/marsipanbr%C3%B6d-nougat-40g-anthon-berg/1002504
Ostringar Chili Cheese 200g Estrella,"41,90 kr","0.2kg 209,50 kr/kg",500 kcal,2083 kJ,32 g,4.8 g,43 g,1.7 g,9 g,2.1 g,2.3 g,,,,,,,,,,,,,,,,,,,,https://handlaprivatkund.ica.se/stores/1004181/products/ostringar-chili-cheese-200g-estrella/2138821
Fruity Fresh 80g Tweek,"39,90 kr","0.08kg 498,75 kr/kg",168 kcal,690 kJ,0 g,0 g,18 g,4.5 g,7.1 g,0.1 g,51 g,8.5 g,,,,,,,,,,,,,,,,,,,https://handlaprivatkund.ica.se/stores/1004181/products/fruity-fresh-80g-tweek/2045266
Choklad Dubbel nougat 43g Marabou,"17,90 kr","0.043kg 416,28 kr/kg",565 kcal,2357 kJ,36 g,13 g,52 g,50 g,6.2 g,0.13 g,3.7 g,,,,,,,,,,,,,,,,,,,,https://handlaprivatkund.ica.se/stores/1004181/products/choklad-dubbel-nougat-43g-marabou/2024157
Vår egen Klassiska Nötmix 200g OLW,"44,90 kr","0.2kg 224,50 kr/kg",580 kcal,2500 kJ,49 g,7.9 g,14 g,5.2 g,24 g,1 g,,,,,,,,,,,,,,,,,,,,,https://handlaprivatkund.ica.se/stores/1004181/products/v%C3%A5r-egen-klassiska-n%C3%B6tmix-200g-olw/1490322
Godis Jättesalt 65g Konfekta,"13,90 kr","0.065kg 213,85 kr/kg",368 kcal,1538 kJ,0 g,0 g,91.3 g,64.5 g,0.4 g,0 g,,,,,,,,,,,,,,,,,,,,,https://handlaprivatkund.ica.se/stores/1004181/products/godis-j%C3%A4ttesalt-65g-konfekta/1007052
Russin 250g ICA,"39,90 kr","0.25kg 159,60 kr/kg",320 kcal,1400 kJ,0.5 g,0.2 g,78 g,73 g,2.5 g,0.06 g,5 g,,,,,,,,,,,,,,,,,,,,https://handlaprivatkund.ica.se/stores/1004181/products/russin-250g-ica/1412135
Chokladkaka Rocher Original Ferrero,"36,90 kr","0.09kg 410,00 kr/kg",614 kcal,2554 kJ,44.4 g,21.4 g,46.2 g,45.4 g,6.2 g,0.163 g,,,,,,,,,,,,,,,,,,,,,https://handlaprivatkund.ica.se/stores/1004181/products/chokladkaka-rocher-original-ferrero/2117690
Halstabletter Eucalyptus 25g Sockerfri Läkerol,"19,90 kr","0.025kg 796,00 kr/kg",202 kcal,840 kJ,0.4 g,0.2 g,56 g,0 g,1 g,0.38 g,,56 g,,,,,,,,,,,,,,,,,,,https://handlaprivatkund.ica.se/stores/1004181/products/halstabletter-eucalyptus-25g-sockerfri-l%C3%A4kerol/1487435
Godis Goldbears Sour 70g Haribo,"13,90 kr","0.07kg 198,57 kr/kg",338 kcal,1432 kJ,0.5 g,0.1 g,77 g,49 g,5.4 g,0.32 g,,,,,,,,,,,,,,,,,,,,,https://handlaprivatkund.ica.se/stores/1004181/products/godis-goldbears-sour-70g-haribo/2100255
Gelégodis Hallon & saltlakrits Vegansk 70g Wellibites,"36,90 kr","0.07kg 527,14 kr/kg",190 kcal,795 kJ,0 g,0 g,89 g,0 g,2.5 g,0.1 g,,73 g,,,,,,,,,0 g,0 g,,0.35 mg,,,,,,,https://handlaprivatkund.ica.se/stores/1004181/products/gel%C3%A9godis-hallon-saltlakrits-vegansk-70g-wellibites/2039406
Chokladstycksak Dumle Crunchy Salt Karamell 55g Fazer,"19,90 kr","0.055kg 361,82 kr/kg",527 kcal,2207 kJ,28 g,20 g,64 g,52 g,5.8 g,1.05 g,,,,,,,,,,,,,,,,,,,,,https://handlaprivatkund.ica.se/stores/1004181/products/chokladstycksak-dumle-crunchy-salt-karamell-55g-fazer/2134210
Nötmix Honung Chili 150g Exotic Snacks,"53,00 kr","0.15kg 353,33 kr/kg",557 kcal,2314 kJ,39 g,5.4 g,32 g,23 g,16 g,1.2 g,7.3 g,,,,,,,,,,,,,,,,,,,,https://handlaprivatkund.ica.se/stores/1004181/products/n%C3%B6tmix-honung-chili-150g-exotic-snacks/2083599
Hasselnötter Hackade 50g Dr.Oetker,"25,90 kr","0.05kg 518,00 kr/kg",,,,,,,,,,,,,,,,,,,,,,,,,,,,,https://handlaprivatkund.ica.se/stores/1004181/products/hasseln%C3%B6tter-hackade-50g-dr-oetker/1003416
Västkustchips Havssalt Räfflade 180g Estrella,"35,90 kr","0.18kg 199,44 kr/kg",481 kcal,2009 kJ,27 g,2.3 g,51 g,0.6 g,6.3 g,1.2 g,6 g,,,,,,,,,,,,,,,,,,,,https://handlaprivatkund.ica.se/stores/1004181/products/v%C3%A4stkustchips-havssalt-r%C3%A4fflade-180g-estrella/1439134
Hazelnut Milk Chocolat 100g Treatville,"19,90 kr","0.1kg 199,00 kr/kg",,,,,,,,,,,,,,,,,,,,,,,,,,,,,https://handlaprivatkund.ica.se/stores/1004181/products/hazelnut-milk-chocolat-100g-treatville/2049321
Halstablett Hallon Sockerfri 25g Fisherman´s Friend,"20,90 kr","0.025kg 836,00 kr/kg",249 kcal,1038 kJ,1.2 g,1.1 g,98 g,0.5 g,0.5 g,0.01 g,,95 g,,,,,,,,,,,,,,,,,,,https://handlaprivatkund.ica.se/stores/1004181/products/halstablett-hallon-sockerfri-25g-fisherman-s-friend/1527629
Choklad Blond Havssalt 100g ICA Selection,"36,90 kr","0.1kg 369,00 kr/kg",571 kcal,2380 kJ,38 g,24 g,47 g,47 g,10 g,0.44 g,,,,,,,,,,,,,,,,,,,,,https://handlaprivatkund.ica.se/stores/1004181/products/choklad-blond-havssalt-100g-ica-selection/2077498
Gammaldags gräddglass Chokladkross 1.75L Triumf Glass,"39,00 kr","1.75L 22,29 kr/l",220 kcal,900 kJ,13 g,9 g,23 g,22 g,3 g,0.18 g,,,,,,,,,,,,,,,,,,,,,https://handlaprivatkund.ica.se/stores/1004181/products/gammaldags-gr%C3%A4ddglass-chokladkross-1-75l-triumf-glass/2101621
Cashewnötter 175g ICA Gott Liv,"55,00 kr","0.175kg 314,29 kr/kg",597 kcal,2499 kJ,48 g,8.7 g,19 g,5.9 g,18 g,0 g,8.3 g,,,,,,,5 mg,257 mg,4.7 mg,,,,,,,,,,,https://handlaprivatkund.ica.se/stores/1004181/products/cashewn%C3%B6tter-175g-ica-gott-liv/1383743
Licorice Love 80g Tweek,"39,90 kr","0.08kg 498,75 kr/kg",165 kcal,678 kJ,0 g,0 g,18 g,4.3 g,6.9 g,0.47 g,49 g,8.1 g,,,,,,,,,,,,,,,,,,,https://handlaprivatkund.ica.se/stores/1004181/products/licorice-love-80g-tweek/2045329
Chokladkaka Apelsin Mörk 100g ICA Selection,"40,90 kr","0.1kg 409,00 kr/kg",546 kcal,2273 kJ,36 g,23 g,44 g,40 g,7.5 g,0.01 g,,,,,,,,,,,,,,,,,,,,,https://handlaprivatkund.ica.se/stores/1004181/products/chokladkaka-apelsin-m%C3%B6rk-100g-ica-selection/2099348
Tutti Frutti Sour 180g Fazer,"25,90 kr","0.18kg 143,89 kr/kg",363 kcal,1526 kJ,0.5 g,0.1 g,90 g,62 g,0.5 g,0.27 g,,,,,,,,,,,,,,,,,,,,,https://handlaprivatkund.ica.se/stores/1004181/products/tutti-frutti-sour-180g-fazer/1514847
Linschips Ranch & Sourcream 90g Estrella,"25,90 kr","0.09kg 287,78 kr/kg",448 kcal,1882 kJ,17 g,1.5 g,58 g,3.7 g,13 g,1.8 g,5.5 g,,,,,,,,,,,,,,,,,,,,https://handlaprivatkund.ica.se/stores/1004181/products/linschips-ranch-sourcream-90g-estrella/2165271
Cashewnötter 500g ICA Gott Liv,"108,00 kr","0.5kg 216,00 kr/kg",597 kcal,2499 kJ,48 g,8.7 g,19 g,5.9 g,18 g,0 g,8.3 g,,,,,,,5 mg,257 mg,4.7 mg,,,,,,,,,,,https://handlaprivatkund.ica.se/stores/1004181/products/cashewn%C3%B6tter-500g-ica-gott-liv/1383746
Chips Chili Cheese 150g Redhead,"40,90 kr","0.15kg 272,67 kr/kg",489 kcal,2046 kJ,26 g,2.6 g,56 g,0.9 g,8.5 g,1.2 g,,,,,,,,,,,,,,,,,,,,,https://handlaprivatkund.ica.se/stores/1004181/products/chips-chili-cheese-150g-redhead/2149628
Mandel Skalad & hackad 50g Dr.Oetker,"26,90 kr","0.05kg 538,00 kr/kg",,,,,,,,,,,,,,,,,,,,,,,,,,,,,https://handlaprivatkund.ica.se/stores/1004181/products/mandel-skalad-hackad-50g-dr-oetker/1003417
Farbror Arnes Kladdkaka 95ml Triumf Glass,"36,90 kr",,260 kcal,1090 kJ,14 g,8.3 g,30 g,23 g,3.4 g,0.1 g,,,,,,,,,,,,,,,,,,,,,https://handlaprivatkund.ica.se/stores/1004181/products/farbror-arnes-kladdkaka-95ml-triumf-glass/2055079
Valnötter Ekologisk 100 g ICA I love eco,"31,90 kr","0.1kg 319,00 kr/kg",686 kcal,2833 kJ,65 g,6.1 g,7 g,2.6 g,15 g,0 g,6.7 g,,346 mg,,,,,,158 mg,,,,,0.54 mg,,,,,,,https://handlaprivatkund.ica.se/stores/1004181/products/valn%C3%B6tter-ekologisk-100-g-ica-i-love-eco/1513549
Chokladkaka EXCELLENCE 85% Kakao Mörk Choklad 100g Lindt,"55,00 kr","0.1kg 550,00 kr/kg",584 kcal,2418 kJ,46 g,27 g,22 g,15 g,12.5 g,0.01 g,,,,,,,,,,,,,,,,,,,,,https://handlaprivatkund.ica.se/stores/1004181/products/chokladkaka-excellence-85-kakao-m%C3%B6rk-choklad-100g-lindt/1002466
Chokladkaka med marsipan 100g Ritter Sport,"35,90 kr","0.1kg 359,00 kr/kg",496 kcal,2069 kJ,27 g,11 g,52 g,51 g,7 g,0.01 g,,,,,,,,,,,,,,,,,,,,,https://handlaprivatkund.ica.se/stores/1004181/products/chokladkaka-med-marsipan-100g-ritter-sport/2084379
Choklad Mörk Pretzel Toffee 180g Tony's Chocolonely,"67,00 kr","0.18kg 372,22 kr/kg",534 kcal,2238 kJ,33 g,20 g,49 g,41 g,8.1 g,0.47 g,,,,,,,,,,,,,,,,,,,,,https://handlaprivatkund.ica.se/stores/1004181/products/choklad-m%C3%B6rk-pretzel-toffee-180g-tony-s-chocolonely/2096161
Choklad Caramello 160g Marabou,"47,90 kr","0.16kg 299,38 kr/kg",544 kcal,2273 kJ,30 g,18 g,63 g,63 g,4.2 g,0.3 g,0 g,,,,,,,,,,,,,,,,,,,,https://handlaprivatkund.ica.se/stores/1004181/products/choklad-caramello-160g-marabou/2117698
Energibar Kolakaka Glutenfri/Nötfri 40g Fibr,"29,90 kr","0.04kg 747,50 kr/kg",346 kcal,1448 kJ,13 g,9.5 g,50 g,1.9 g,6.2 g,0.5 g,17 g,,,,,,,,,,,,,,,,,,,,https://handlaprivatkund.ica.se/stores/1004181/products/energibar-kolakaka-glutenfri-n%C3%B6tfri-40g-fibr/2117397
Big pack Vanilj 2l GB Glace,"38,90 kr","2L 19,45 kr/l",179 kcal,747 kJ,6.2 g,5.6 g,30 g,20 g,0.6 g,0.11 g,,,,,,,,,,,,,,,,,,,,,https://handlaprivatkund.ica.se/stores/1004181/products/big-pack-vanilj-2l-gb-glace/2094200
Tuggummi Strong mint 60-p 84g Extra,"56,00 kr","0.084kg 666,67 kr/kg",147 kcal,614 kJ,0 g,0 g,61 g,0 g,0 g,0 g,,61 g,,,,,,,,,,,,,,,,,,,https://handlaprivatkund.ica.se/stores/1004181/products/tuggummi-strong-mint-60-p-84g-extra/1527743
Karameller Kola Salmiak Lakrits 150g Treatville,"18,90 kr","0.15kg 126,00 kr/kg",380 kcal,1617 kJ,0 g,0 g,95 g,62 g,0.5 g,0.7 g,,,,,,,,,,,,,,,,,,,,,https://handlaprivatkund.ica.se/stores/1004181/products/karameller-kola-salmiak-lakrits-150g-treatville/2099349
Torkad Blandfrukt 250g Treatville,"36,90 kr","0.25kg 147,60 kr/kg",290 kcal,1200 kJ,0.3 g,0.5 g,65 g,49 g,2.2 g,0.1 g,,,,,,,,,,,,,,,,,,,,,https://handlaprivatkund.ica.se/stores/1004181/products/torkad-blandfrukt-250g-treatville/2125354
Linschips Sourcream & Onion 90g Estrella,"25,90 kr","0.09kg 287,78 kr/kg",448 kcal,1881 kJ,17 g,1.4 g,58 g,2.8 g,13 g,1.9 g,5.6 g,,,,,,,,,,,,,,,,,,,,https://handlaprivatkund.ica.se/stores/1004181/products/linschips-sourcream-onion-90g-estrella/2165270
Dipp Ranch 12% 200g Arla Köket®,"21,90 kr","0.2kg 109,50 kr/kg",145 kcal,601 kJ,12 g,7.5 g,5.8 g,4.6 g,3.1 g,1.2 g,,,,,,,,,,,,,,,,,,,,,https://handlaprivatkund.ica.se/stores/1004181/products/dipp-ranch-12-200g-arla-k%C3%B6ket/2118769
Chokladpåse 175g Maltesers,"64,00 kr","0.175kg 365,71 kr/kg",503 kcal,2107 kJ,25 g,15 g,61 g,53 g,8.4 g,0.42 g,,,,,,,,,,,,,,,,,,,,,https://handlaprivatkund.ica.se/stores/1004181/products/chokladp%C3%A5se-175g-maltesers/2127940
Fruitjuice Toffees Sockerfri 90g De Bron,"37,90 kr","0.09kg 421,11 kr/kg",295 kcal,1223 kJ,10 g,9.8 g,83 g,0.5 g,0.5 g,0.01 g,0 g,82 g,,,,,,,,,,,,,0 g,,,,,,https://handlaprivatkund.ica.se/stores/1004181/products/fruitjuice-toffees-sockerfri-90g-de-bron/1431848
Chips Paprika & Havssalt 275g Estrella,"40,90 kr","0.275kg 148,73 kr/kg",503 kcal,2098 kJ,31 g,2.5 g,48 g,3.2 g,5.9 g,1.4 g,5.5 g,,,,,,,,,,,,,,,,,,,,https://handlaprivatkund.ica.se/stores/1004181/products/chips-paprika-havssalt-275g-estrella/2116291
Dadlar Sour Cola 125g Dave & Jon's,"29,90 kr","0.125kg 239,20 kr/kg",320 kcal,1340 kJ,3 g,1.8 g,64.8 g,52.3 g,2.1 g,0 g,11.4 g,,,,,,,,,,,,,,,,,,,,https://handlaprivatkund.ica.se/stores/1004181/products/dadlar-sour-cola-125g-dave-jon-s/2105037
Geléhallon 170g Treatville,"17,90 kr","0.17kg 105,29 kr/kg",350 kcal,1450 kJ,0 g,0 g,81 g,48 g,5.1 g,0 g,,,,,,,,,,,,,,,,,,,,,https://handlaprivatkund.ica.se/stores/1004181/products/gel%C3%A9hallon-170g-treatville/2044106
Sombreros 125g Estrella,"30,90 kr","0.125kg 247,20 kr/kg",533 kcal,2227 kJ,31 g,3.2 g,59 g,3 g,3.9 g,2.3 g,3.4 g,,,,,,,,,,,,,,,,,,,,https://handlaprivatkund.ica.se/stores/1004181/products/sombreros-125g-estrella/1004433
Tutti frutti Rings 180g Fazer,"25,90 kr","0.18kg 143,89 kr/kg",353 kcal,1489 kJ,0.5 g,0 g,87 g,53 g,0.5 g,0.67 g,,,,,,,,,,,,,,,,,,,,,https://handlaprivatkund.ica.se/stores/1004181/products/tutti-frutti-rings-180g-fazer/1477737
Gräddglass Salt Karamell 500ml Triumf Glass,"24,90 kr","0.5L 49,80 kr/l",200 kcal,850 kJ,10 g,6.7 g,25 g,23 g,2.9 g,0.33 g,,,,,,,,,,,,,,,,,,,,,https://handlaprivatkund.ica.se/stores/1004181/products/gr%C3%A4ddglass-salt-karamell-500ml-triumf-glass/2067319
Strutglass Salty Licorice 146ml GB Glace,"33,90 kr",,325 kcal,1356 kJ,18 g,13 g,38 g,24 g,2.7 g,0.23 g,,,,,,,,,,,,,,,,,,,,,https://handlaprivatkund.ica.se/stores/1004181/products/strutglass-salty-licorice-146ml-gb-glace/2093676
Godis Nappar Skum 120g Haribo,"24,90 kr","0.12kg 207,50 kr/kg",359 kcal,1524 kJ,0.5 g,0.1 g,85 g,60 g,4.2 g,0.01 g,,,,,,,,,,,,,,,,,,,,,https://handlaprivatkund.ica.se/stores/1004181/products/godis-nappar-skum-120g-haribo/2075712
Chips Cream cheese 275g OLW,"39,90 kr","0.275kg 145,09 kr/kg",,,,,,,,,,,,,,,,,,,,,,,,,,,,,https://handlaprivatkund.ica.se/stores/1004181/products/chips-cream-cheese-275g-olw/1490346
Glass Duo Vanilj/Jordgubb 8-p Triumf Glass,"52,00 kr","8 per frp 6,50 kr/st",300 kcal,1250 kJ,19 g,14 g,29 g,25 g,3.5 g,0.13 g,,,,,,,,,,,,,,,,,,,,,https://handlaprivatkund.ica.se/stores/1004181/products/glass-duo-vanilj-jordgubb-8-p-triumf-glass/2154443
Gräddglass Vanilj Ekologisk 750ml Sia Glass,"47,90 kr","0.75L 63,87 kr/l",240 kcal,1000 kJ,16 g,10 g,21 g,21 g,3 g,0.1 g,0 g,0 g,,0 µg,0 µg,0 µg,0 µg,,,,,,,,,,,,,,https://handlaprivatkund.ica.se/stores/1004181/products/gr%C3%A4ddglass-vanilj-ekologisk-750ml-sia-glass/2077526
LantChips Tryffel 200g LantChips,"30,90 kr","0.2kg 154,50 kr/kg",488 kcal,2042 kJ,26 g,2.8 g,56 g,2.9 g,8.2 g,1.5 g,,,,,,,,,,,,,,,,,,,,,https://handlaprivatkund.ica.se/stores/1004181/products/lantchips-tryffel-200g-lantchips/2166025
Glasspinne Mini mumsbit Mandel & choklad 12-p 420g ICA,"61,00 kr","12 per frp 5,08 kr/st",339 kcal,1413 kJ,22 g,15 g,31 g,31 g,4 g,0.2 g,,,,,,,,,,,,,,,,,,,,,https://handlaprivatkund.ica.se/stores/1004181/products/glasspinne-mini-mumsbit-mandel-choklad-12-p-420g-ica/1385138
Godispåse Vattenmelon 90g Malaco,"16,90 kr","0.09kg 187,78 kr/kg",355 kcal,1504 kJ,0.1 g,0 g,88 g,66 g,0.1 g,0.02 g,,,,,,,,,,,,,,,,,,,,,https://handlaprivatkund.ica.se/stores/1004181/products/godisp%C3%A5se-vattenmelon-90g-malaco/2127773
Chips Brynt smör & chili 275g Estrella,"40,90 kr","0.275kg 148,73 kr/kg",518 kcal,2158 kJ,33 g,2.7 g,47 g,2.7 g,5.6 g,1.4 g,5.1 g,,,,,,,,,,,,,,,,,,,,https://handlaprivatkund.ica.se/stores/1004181/products/chips-brynt-sm%C3%B6r-chili-275g-estrella/2099131
Winegum 250g Treatville,"22,90 kr","0.25kg 91,60 kr/kg",334 kcal,1417 kJ,0.5 g,0.3 g,78 g,48 g,4.3 g,0.03 g,,,,,,,,,,,,,,,,,,,,,https://handlaprivatkund.ica.se/stores/1004181/products/winegum-250g-treatville/2044066
Godis Kastanjer 120g Haribo,"21,90 kr","0.12kg 182,50 kr/kg",409 kcal,1730 kJ,6.1 g,3.1 g,87 g,69 g,0.9 g,0.04 g,,,,,,,,,,,,,,,,,,,,,https://handlaprivatkund.ica.se/stores/1004181/products/godis-kastanjer-120g-haribo/2024101
"KitKat 4-finger 41,5g Nestle","14,90 kr","0.0415kg 359,04 kr/kg",514 kcal,2150 kJ,26.8 g,15 g,58.4 g,45.1 g,8.2 g,0.15 g,2.5 g,,,,,,,,,,,,,,,,,,,,https://handlaprivatkund.ica.se/stores/1004181/products/kitkat-4-finger-41-5g-nestle/1514913
Chilinötter 500g ICA Basic,"40,90 kr","0.5kg 81,80 kr/kg",514 kcal,2146 kJ,30 g,4.1 g,44 g,9.6 g,14 g,1.6 g,,,,,,,,,,,,,,,,,,,,,https://handlaprivatkund.ica.se/stores/1004181/products/chilin%C3%B6tter-500g-ica-basic/1411326
Godispåse Spaghetti Jordgubb 70g bebeto,"10,90 kr","0.07kg 155,71 kr/kg",380 kcal,1610 kJ,2.9 g,1.6 g,85.7 g,57 g,2.7 g,0 g,,,,,,,,,,,,,,,,,,,,,https://handlaprivatkund.ica.se/stores/1004181/products/godisp%C3%A5se-spaghetti-jordgubb-70g-bebeto/2134237
Mandelspån Rostade 50g Dr.Oetker,"24,90 kr","0.05kg 498,00 kr/kg",,,,,,,,,,,,,,,,,,,,,,,,,,,,,https://handlaprivatkund.ica.se/stores/1004181/products/mandelsp%C3%A5n-rostade-50g-dr-oetker/1003408
Nötmix Honung & Salt Mandel 175g Estrella,"40,90 kr","0.175kg 233,71 kr/kg",534 kcal,2226 kJ,34.2 g,4.1 g,36.5 g,33.6 g,16.9 g,1.1 g,6.7 g,,,,,,,,,,,,,,,,,,,,https://handlaprivatkund.ica.se/stores/1004181/products/n%C3%B6tmix-honung-salt-mandel-175g-estrella/2090154
Halstabletter Salmiak Sockerfri 25g Fisherman's Friend,"20,90 kr","0.025kg 836,00 kr/kg",244 kcal,1017 kJ,1.2 g,1.1 g,92 g,0.5 g,0.6 g,0.25 g,0.73 g,86 g,,,,,,,,,,,,,,,,,,,https://handlaprivatkund.ica.se/stores/1004181/products/halstabletter-salmiak-sockerfri-25g-fisherman-s-friend/1002498
Godis Super Santa 100g Tweek,"39,90 kr","0.1kg 399,00 kr/kg",150 kcal,610 kJ,0.9 g,0 g,11.1 g,1.33 g,4.02 g,0.01 g,56 g,7.61 g,,,,,,,,,,,,,,,,,,,https://handlaprivatkund.ica.se/stores/1004181/products/godis-super-santa-100g-tweek/2062613
Kexchoklad 100g Cloetta,"20,90 kr","0.1kg 209,00 kr/kg",502 kcal,2106 kJ,24 g,14 g,61 g,42 g,9.7 g,0.41 g,,,,,,,,,,,,,,,,,,,,,https://handlaprivatkund.ica.se/stores/1004181/products/kexchoklad-100g-cloetta/1001701
Godispåse Fruxo Fruktsmak 95g Malaco,"16,90 kr","0.095kg 177,89 kr/kg",349 kcal,1482 kJ,0.3 g,0.2 g,81 g,56 g,5.3 g,0.01 g,,,,,,,,,,,,,,,,,,,,,https://handlaprivatkund.ica.se/stores/1004181/products/godisp%C3%A5se-fruxo-fruktsmak-95g-malaco/2127770
Glass Cookie Dough Peaces 160ml Ben & Jerrys,"72,00 kr","0.16L 450,00 kr/l",380 kcal,1589 kJ,24 g,10 g,37 g,29 g,4.1 g,0.35 g,,,,,,,,,,,,,,,,,,,,,https://handlaprivatkund.ica.se/stores/1004181/products/glass-cookie-dough-peaces-160ml-ben-jerrys/2143311
Extra strong Original 25g Cloetta,"9,90 kr","0.025kg 396,00 kr/kg",396 kcal,1683 kJ,0.9 g,0.9 g,97 g,97 g,0 g,0.16 g,,,,,,,,,,,,,,,,,,,,,https://handlaprivatkund.ica.se/stores/1004181/products/extra-strong-original-25g-cloetta/1454427
Nötmix Mango 175g OLW,"44,90 kr","0.175kg 256,57 kr/kg",560 kcal,2350 kJ,40 g,6.3 g,29 g,18 g,18 g,0.9 g,,,,,,,,,,,,,,,,,,,,,https://handlaprivatkund.ica.se/stores/1004181/products/n%C3%B6tmix-mango-175g-olw/2126436
Marsipanbröd Original 40g Anthon Berg,"17,90 kr","0.04kg 447,50 kr/kg",515 kcal,2149 kJ,31 g,7.8 g,46 g,38 g,10 g,0.01 g,,,,,,,,,,,,,,,,,,,,,https://handlaprivatkund.ica.se/stores/1004181/products/marsipanbr%C3%B6d-original-40g-anthon-berg/1002505
Pistagenötter Rostade & saltade 350g Exotic Snacks,"117,00 kr","0.35kg 334,29 kr/kg",585 kcal,2425 kJ,45 g,5.5 g,20 g,7.7 g,21 g,1 g,9.9 g,,,,,,,3.9 mg,,,24 g,13 g,,,,,,,,,https://handlaprivatkund.ica.se/stores/1004181/products/pistagen%C3%B6tter-rostade-saltade-350g-exotic-snacks/1394625
Salta Jordnötter 300g OLW,"32,90 kr","0.3kg 109,67 kr/kg",630 kcal,2600 kJ,53 g,9.8 g,9.5 g,3.1 g,28 g,1.3 g,,,,,,,,,,,,,,,,,,,,,https://handlaprivatkund.ica.se/stores/1004181/products/salta-jordn%C3%B6tter-300g-olw/1001945
Kina Gul Snacks 180g Fazer,"47,90 kr","0.18kg 266,11 kr/kg",540 kcal,2252 kJ,30 g,19 g,57 g,49 g,7.5 g,0.25 g,,,,,,,,,,,,,,,,,,,,,https://handlaprivatkund.ica.se/stores/1004181/products/kina-gul-snacks-180g-fazer/2117789
Choklad Polly Original Blå 200g Cloetta,"40,90 kr","0.2kg 204,50 kr/kg",464 kcal,1946 kJ,18 g,10 g,71 g,68 g,4.1 g,0.09 g,,,,,,,,,,,,,,,,,,,,,https://handlaprivatkund.ica.se/stores/1004181/products/choklad-polly-original-bl%C3%A5-200g-cloetta/1403795
Glass Farbror Arnes Lemon Curd 1p Triumf Glass,"36,90 kr",,320 kcal,1300 kJ,18 g,11 g,34 g,28 g,3.8 g,0.13 g,,,,,,,,,,,,,,,,,,,,,https://handlaprivatkund.ica.se/stores/1004181/products/glass-farbror-arnes-lemon-curd-1p-triumf-glass/2130228
S-märke orginalet Supersurt 80g Candypeople,"16,90 kr","0.08kg 211,25 kr/kg",370 kcal,1550 kJ,0 g,0 g,81 g,58 g,6.1 g,0.1 g,,,,,,,,,,,,,,,,,,,,,https://handlaprivatkund.ica.se/stores/1004181/products/s-m%C3%A4rke-orginalet-supersurt-80g-candypeople/1499897
Pippi Krumelurglass 6-p SIA Glass,"59,00 kr","6 per frp 9,83 kr/st",230 kcal,950 kJ,13 g,8.6 g,24 g,23 g,3.8 g,0.1 g,0 g,0 g,,0 µg,0 µg,0 µg,0 µg,,,,,,,,,,,,,,https://handlaprivatkund.ica.se/stores/1004181/products/pippi-krumelurglass-6-p-sia-glass/2154434
Tuggummi Sockerfri Original 30g Stimorol,"22,90 kr","0.03kg 763,33 kr/kg",170 kcal,707 kJ,0.3 g,0.1 g,65 g,0.5 g,0.8 g,0.1 g,,63 g,,,,,,,,,,,,,,,,,,,https://handlaprivatkund.ica.se/stores/1004181/products/tuggummi-sockerfri-original-30g-stimorol/2150716
Filidutter 65g Konfekta,"13,90 kr","0.065kg 213,85 kr/kg",390 kcal,1620 kJ,0 g,0 g,93.9 g,73.8 g,0 g,0 g,,,,,,,,,,,,,,,,,,,,,https://handlaprivatkund.ica.se/stores/1004181/products/filidutter-65g-konfekta/2011531
Mjölkchoklad Mintchoko Rulle 78g Marabou,"31,90 kr","0.078kg 408,97 kr/kg",505 kcal,2105 kJ,27 g,16 g,60 g,54 g,5.5 g,0.35 g,1.4 g,,,,,,,,,,,,,,,,,,,,https://handlaprivatkund.ica.se/stores/1004181/products/mj%C3%B6lkchoklad-mintchoko-rulle-78g-marabou/2053848
Godispåse Tutti Frutti Remix Duo 80g Fazer,"16,90 kr","0.08kg 211,25 kr/kg",362 kcal,1523 kJ,0.5 g,0 g,89 g,61 g,0.5 g,0.19 g,,,,,,,,,,,,,,,,,,,,,https://handlaprivatkund.ica.se/stores/1004181/products/godisp%C3%A5se-tutti-frutti-remix-duo-80g-fazer/2159041
Pingvinstång Sur Smultron 27g Pingvin,"7,90 kr","0.027kg 292,59 kr/kg",373 kcal,1582 kJ,3.7 g,3.5 g,82 g,66 g,0.9 g,0.21 g,,,,,,,,,,,,,,,,,,,,,https://handlaprivatkund.ica.se/stores/1004181/products/pingvinst%C3%A5ng-sur-smultron-27g-pingvin/1368751
Glass F A Kanelbulle 1-p Triumf Glass,"36,90 kr",,350 kcal,1500 kJ,20 g,12 g,38 g,30 g,3.8 g,0.19 g,,,,,,,,,,,,,,,,,,,,,https://handlaprivatkund.ica.se/stores/1004181/products/glass-f-a-kanelbulle-1-p-triumf-glass/2154463
Dippmix Onion 22g Estrella,"14,90 kr","0.022kg 677,27 kr/kg",300 kcal,1270 kJ,0.9 g,0.1 g,64 g,52 g,7.2 g,19 g,,,,,,,,,,,,,,,,,,,,,https://handlaprivatkund.ica.se/stores/1004181/products/dippmix-onion-22g-estrella/1004155
Mikropopcorn Saltade 10-p 900g ICA,"74,00 kr","0.9kg 82,22 kr/kg",458 kcal,1919 kJ,18 g,7.6 g,59 g,0.9 g,9.5 g,1.4 g,11 g,,,,,,,,,,,,,,,,,,,,https://handlaprivatkund.ica.se/stores/1004181/products/mikropopcorn-saltade-10-p-900g-ica/2130488
Godispåse Peaches Sour 70g Haribo,"13,90 kr","0.07kg 198,57 kr/kg",367 kcal,1558 kJ,0.5 g,0.1 g,86 g,68 g,4.4 g,0.01 g,,,,,,,,,,,,,,,,,,,,,https://handlaprivatkund.ica.se/stores/1004181/products/godisp%C3%A5se-peaches-sour-70g-haribo/2141282
Mandlar Rostade & saltade 100g ICA,"36,90 kr","0.1kg 369,00 kr/kg",634 kcal,2623 kJ,55 g,,5.9 g,3.8 g,25 g,1 g,8.1 g,,,,,,,,,,,,,,,,,,,,https://handlaprivatkund.ica.se/stores/1004181/products/mandlar-rostade-saltade-100g-ica/1476679
Chokladkaka Salta Mandlar 160g Marabou,"38,90 kr","0.16kg 243,13 kr/kg",553 kcal,2310 kJ,32 g,17 g,58 g,57 g,5.7 g,0.5 g,2.8 g,,,,,,,,,,,,,,,,,,,,https://handlaprivatkund.ica.se/stores/1004181/products/chokladkaka-salta-mandlar-160g-marabou/2166167
Plopp Dubbel 50g Cloetta,"15,90 kr","0.05kg 318,00 kr/kg",475 kcal,1998 kJ,23 g,14 g,63 g,49 g,4.1 g,0.41 g,,,,,,,,,,,,,,,,,,,,,https://handlaprivatkund.ica.se/stores/1004181/products/plopp-dubbel-50g-cloetta/1363638
Glass Bonbon Salted Caramel & Almond 204 Milliliter Magnum,"64,00 kr","0.204L 313,73 kr/l",360 kcal,1505 kJ,21 g,12 g,38 g,32 g,4.9 g,0.35 g,,,,,,,,,,,,,,,,,,,,,https://handlaprivatkund.ica.se/stores/1004181/products/glass-bonbon-salted-caramel-almond-204-milliliter-magnum/2143314
Glass Marshmallow & S'more! 427ml Ben & Jerrys,"84,00 kr","0.427L 196,72 kr/l",254 kcal,1064 kJ,12 g,8 g,32 g,25 g,3.8 g,0.26 g,,,,,,,,,,,,,,,,,,,,,https://handlaprivatkund.ica.se/stores/1004181/products/glass-marshmallow-s-more-427ml-ben-jerrys/2130364
Glasspinne Sitting Bull 8-p Triumf Glass,"52,00 kr","8 per frp 6,50 kr/st",330 kcal,1350 kJ,19 g,8.8 g,35 g,35 g,2.2 g,0.15 g,,,,,,,,,,,,,,,,,,,,,https://handlaprivatkund.ica.se/stores/1004181/products/glasspinne-sitting-bull-8-p-triumf-glass/2086313
Chips Original 40g Pringles,"18,90 kr","0.04kg 472,50 kr/kg",534 kcal,2227 kJ,31 g,2.8 g,56 g,1.2 g,5.9 g,1.1 g,3.5 g,,,,,,,,,,,,,,,,,,,,https://handlaprivatkund.ica.se/stores/1004181/products/chips-original-40g-pringles/1477148
Chokladkaka EXCELLENCE Apelsin Mörk Choklad 100g Lindt,"55,00 kr","0.1kg 550,00 kr/kg",538 kcal,2240 kJ,33 g,20 g,50 g,48 g,6.1 g,0.1 g,,,,,,,,,,,,,,,,,,,,,https://handlaprivatkund.ica.se/stores/1004181/products/chokladkaka-excellence-apelsin-m%C3%B6rk-choklad-100g-lindt/1000969
Plommon Soft Ekologisk 200g ICA I love eco,"37,90 kr","0.2kg 189,50 kr/kg",245 kcal,1035 kJ,0.5 g,0.5 g,55 g,39 g,1.4 g,0.02 g,7.2 g,,,,,,,,,,,,,,,,,,,,https://handlaprivatkund.ica.se/stores/1004181/products/plommon-soft-ekologisk-200g-ica-i-love-eco/1355355
Chokladpraliner Aladdin 500g Marabou,"182,00 kr","0.5kg 364,00 kr/kg",520 kcal,2171 kJ,29 g,16 g,58 g,54 g,3.5 g,0.21 g,3.5 g,,,,,,,,,,,,,,,,,,,,https://handlaprivatkund.ica.se/stores/1004181/products/chokladpraliner-aladdin-500g-marabou/1003824
Dippmix Chili cheez 23g OLW,"13,90 kr","0.023kg 604,35 kr/kg",323 kcal,1352 kJ,6.1 g,3.4 g,59 g,20 g,7.3 g,16.6 g,,,,,,,,,,,,,,,,,,,,,https://handlaprivatkund.ica.se/stores/1004181/products/dippmix-chili-cheez-23g-olw/2165279
Cheezdoodles liten påse 35g OLW,"11,90 kr","0.035kg 340,00 kr/kg",500 kcal,2100 kJ,31 g,4.8 g,51 g,2.8 g,10 g,2.1 g,,,,,,,,,,,,,,,,,,,,,https://handlaprivatkund.ica.se/stores/1004181/products/cheezdoodles-liten-p%C3%A5se-35g-olw/1001443
Chokladstycksak Geisha Crunchy Hasselnötsnougat 50g Fazer,"19,90 kr","0.05kg 398,00 kr/kg",525 kcal,2195 kJ,30 g,16 g,56 g,47 g,7.3 g,0.55 g,,,,,,,,,,,,,,,,,,,,,https://handlaprivatkund.ica.se/stores/1004181/products/chokladstycksak-geisha-crunchy-hasseln%C3%B6tsnougat-50g-fazer/2134211
Sandwiches 8-p vegansk 320g Valsoia,"61,00 kr","8 per frp 7,63 kr/st",286 kcal,1205 kJ,7.6 g,5.2 g,49 g,21 g,4.7 g,0.48 g,1.4 g,,,,1.5 µg,,,,,,,,,,,120 mg,,,,,https://handlaprivatkund.ica.se/stores/1004181/products/sandwiches-8-p-vegansk-320g-valsoia/2094494
Godis Ferrari 130g Toms,"20,90 kr","0.13kg 160,77 kr/kg",359 kcal,1526 kJ,0.5 g,0.1 g,83 g,50 g,5.4 g,0.01 g,,,,,,,,,,,,,,,,,,,,,https://handlaprivatkund.ica.se/stores/1004181/products/godis-ferrari-130g-toms/1493375
Marsglass 6-p Mars,"69,00 kr","6 per frp 11,50 kr/st",266 kcal,1114 kJ,14 g,8.4 g,32 g,25 g,3 g,0.19 g,,,,,,,,,,,,,,,,,,,,,https://handlaprivatkund.ica.se/stores/1004181/products/marsglass-6-p-mars/2094362
Caramel Milk Choco 100g Treatville,"19,90 kr","0.1kg 199,00 kr/kg",,,,,,,,,,,,,,,,,,,,,,,,,,,,,https://handlaprivatkund.ica.se/stores/1004181/products/caramel-milk-choco-100g-treatville/2049322
Praliner Rocher 4-p 50g Ferrero,"22,90 kr","0.05kg 458,00 kr/kg",603 kcal,2506 kJ,42.7 g,14.1 g,44.4 g,39.9 g,8.2 g,0.153 g,,,,,,,,,,,,,,,,,,,,,https://handlaprivatkund.ica.se/stores/1004181/products/praliner-rocher-4-p-50g-ferrero/1000843
Classic Lemon sockerfri 25g Läkerol,"19,90 kr","0.025kg 796,00 kr/kg",216 kcal,861 kJ,0.7 g,0.2 g,55 g,0 g,1 g,0.73 g,,54 g,,,,,,,,,,,,,,,,,,,https://handlaprivatkund.ica.se/stores/1004181/products/classic-lemon-sockerfri-25g-l%C3%A4kerol/2091673
Stora Nappar Sur & Skum 150g Haribo,"24,90 kr","0.15kg 166,00 kr/kg",353 kcal,1499 kJ,0.5 g,0.1 g,82 g,60 g,5.1 g,0.01 g,,,,,,,,,,,,,,,,,,,,,https://handlaprivatkund.ica.se/stores/1004181/products/stora-nappar-sur-skum-150g-haribo/2079473
Nötter Honung Trippel 190 Gram DL Nöttefabrikken,"49,90 kr","0.19kg 262,63 kr/kg",592 kcal,2469 kJ,47 g,5.3 g,20 g,14 g,22 g,1.26 g,8.2 g,,,,,,,,,,20 g,10 g,,,,,,,,,https://handlaprivatkund.ica.se/stores/1004181/products/n%C3%B6tter-honung-trippel-190-gram-dl-n%C3%B6ttefabrikken/2138833
Chips Green & Garlic 150g Redhead,"40,90 kr","0.15kg 272,67 kr/kg",487 kcal,2039 kJ,26 g,2.6 g,56.4 g,1.4 g,8.2 g,1.4 g,,,,,,,,,,,,,,,,,,,,,https://handlaprivatkund.ica.se/stores/1004181/products/chips-green-garlic-150g-redhead/2149629
Tuggummi White Melon mint 29g Extra,"22,90 kr","0.029kg 789,66 kr/kg",165 kcal,689 kJ,0 g,0 g,69 g,0 g,0 g,0.05 g,,69 g,,,,,,,,,,,,,,,,,,,https://handlaprivatkund.ica.se/stores/1004181/products/tuggummi-white-melon-mint-29g-extra/2024124
Isglasspinne Kalas Cola Hallon 28-p Triumf Glass,"67,00 kr","28 per frp 2,39 kr/st",90 kcal,390 kJ,0.5 g,0.5 g,22 g,22 g,0.5 g,0.03 g,,,,,,,,,,,,,,,,,,,,,https://handlaprivatkund.ica.se/stores/1004181/products/isglasspinne-kalas-cola-hallon-28-p-triumf-glass/2081320
Tuggummi Sockerfri Dental Dual Action Ocean Mint 30g V6,"24,90 kr","0.03kg 830,00 kr/kg",174 kcal,725 kJ,0.3 g,0.1 g,68 g,0.1 g,1.2 g,0.03 g,,68 g,,,,,,,,,,,,,,,,,,,https://handlaprivatkund.ica.se/stores/1004181/products/tuggummi-sockerfri-dental-dual-action-ocean-mint-30g-v6/2150708
Bar Licorice & Almond Ekologisk 42g Getraw,"29,90 kr","0.042kg 711,90 kr/kg",458 kcal,1925 kJ,30 g,4 g,35 g,27 g,14 g,1.1 g,,,,,,,,,,,,,,,,,,,,,https://handlaprivatkund.ica.se/stores/1004181/products/bar-licorice-almond-ekologisk-42g-getraw/1526955
Crisp corn 200g Exotic Snacks,"27,90 kr",,,,,,,,,,,,,,,,,,,,,,,,,,,,,,https://handlaprivatkund.ica.se/stores/1004181/products/crisp-corn-200g-exotic-snacks/2090319
Tuggummi Strawberry 21-p Extra White,"22,90 kr","0.029kg 789,66 kr/kg",164 kcal,686 kJ,0 g,0 g,67 g,0 g,0 g,0.05 g,,67 g,,,,,,,,,,,,,,,,,,,https://handlaprivatkund.ica.se/stores/1004181/products/tuggummi-strawberry-21-p-extra-white/2062563
Nötmix Russin 200g Olw,"44,90 kr","0.2kg 224,50 kr/kg",608 kcal,2525 kJ,43 g,8 g,31 g,16 g,21 g,1 g,,,,,,,,,,,,,,,,,,,,,https://handlaprivatkund.ica.se/stores/1004181/products/n%C3%B6tmix-russin-200g-olw/2090156
Chokladkaka Jordgubb 160g Marabou,"38,90 kr","0.16kg 243,13 kr/kg",546 kcal,2282 kJ,32 g,19 g,59 g,58 g,4.6 g,0.25 g,2.2 g,,,,,,,,,,,,,,,,,,,,https://handlaprivatkund.ica.se/stores/1004181/products/chokladkaka-jordgubb-160g-marabou/2166173
Chokladkonfektyr Peanut 150g M&M,"43,90 kr","0.15kg 292,67 kr/kg",524 kcal,2190 kJ,26 g,11 g,59 g,53 g,9.8 g,0.11 g,,,,,,,,,,,,,,,,,,,,,https://handlaprivatkund.ica.se/stores/1004181/products/chokladkonfektyr-peanut-150g-m-m/2127939
Müslibar BIG Dark chocolate & cookies 50g Corny,"14,90 kr","0.05kg 298,00 kr/kg",431 kcal,1810 kJ,14 g,8.6 g,68 g,35 g,5.5 g,0.51 g,4.3 g,,,,,,,,,,,,,,,,,,,,https://handlaprivatkund.ica.se/stores/1004181/products/m%C3%BCslibar-big-dark-chocolate-cookies-50g-corny/1499892
Jordnötsbågar Smoki 150g Stark,"24,90 kr","0.15kg 166,00 kr/kg",521 kcal,2176 kJ,29 g,10 g,50 g,1.8 g,13 g,2.2 g,4 g,,,,,,,,,,,,,,,,,,,,https://handlaprivatkund.ica.se/stores/1004181/products/jordn%C3%B6tsb%C3%A5gar-smoki-150g-stark/1421809
Glasskopa Svart 18cm Gastromax,"36,90 kr",,,,,,,,,,,,,,,,,,,,,,,,,,Plast,,,,https://handlaprivatkund.ica.se/stores/1004181/products/glasskopa-svart-18cm-gastromax/1499186
Cheez Cruncherz Extra crispy 225g OLW,"42,90 kr","0.225kg 190,67 kr/kg",600 kcal,2450 kJ,43 g,5.6 g,44 g,1.8 g,8.1 g,1.8 g,,,,,,,,,,,,,,,,,,,,,https://handlaprivatkund.ica.se/stores/1004181/products/cheez-cruncherz-extra-crispy-225g-olw/1485149
GOODY Fruity Pear 90g Bubs,"15,90 kr","0.09kg 176,67 kr/kg",351 kcal,1468 kJ,0 g,0 g,87 g,61 g,0.4 g,0.1 g,,,,,,,,,,,,,,,,,,,,,https://handlaprivatkund.ica.se/stores/1004181/products/goody-fruity-pear-90g-bubs/2097017
Salta Pinnar med Jordnötspinnar 100g Pardon,"17,90 kr","0.1kg 179,00 kr/kg",459 kcal,1923 kJ,19 g,3.5 g,54 g,5.6 g,15 g,2.3 g,4.7 g,,,,,,,,,,,,,,,,,,,,https://handlaprivatkund.ica.se/stores/1004181/products/salta-pinnar-med-jordn%C3%B6tspinnar-100g-pardon/2138503
Stjärnor 100g OLW,"26,90 kr","0.1kg 269,00 kr/kg",490 kcal,2100 kJ,25 g,2.5 g,62 g,2.5 g,5 g,3.2 g,,,,,,,,,,,,,,,,,,,,,https://handlaprivatkund.ica.se/stores/1004181/products/stj%C3%A4rnor-100g-olw/1511708
"Gräddglass Vanilj 1,5l SIA Glass","55,00 kr","1.5L 36,67 kr/l",210 kcal,850 kJ,10 g,6.6 g,23 g,22 g,3.8 g,0.1 g,0.5 g,0.5 g,,0 µg,0 µg,0 µg,0 µg,,,,,,,,,,,,,,https://handlaprivatkund.ica.se/stores/1004181/products/gr%C3%A4ddglass-vanilj-1-5l-sia-glass/1008735
Chips Salt & vinäger 200g Bjäre Chips,"30,90 kr","0.2kg 154,50 kr/kg",480 kcal,2000 kJ,25.6 g,1.7 g,58.9 g,5.99 g,5.5 g,2.3 g,,,,,,,,,,,,,,,,,,,,,https://handlaprivatkund.ica.se/stores/1004181/products/chips-salt-vin%C3%A4ger-200g-bj%C3%A4re-chips/2105027
Choklad Plopp mini påse 158g Cloetta,"36,90 kr","0.158kg 233,54 kr/kg",475 kcal,1997 kJ,23 g,14 g,63 g,49 g,4.1 g,0.41 g,,,,,,,,,,,,,,,,,,,,,https://handlaprivatkund.ica.se/stores/1004181/products/choklad-plopp-mini-p%C3%A5se-158g-cloetta/1001839
Sandwich Laktosfri 6-p SIA Glass,"59,00 kr","6 per frp 9,83 kr/st",290 kcal,1200 kJ,11 g,6.3 g,42 g,22 g,5.5 g,0.3 g,0 g,0 g,,0 µg,0 µg,0 µg,0 µg,,,,,,,,,,,,,,https://handlaprivatkund.ica.se/stores/1004181/products/sandwich-laktosfri-6-p-sia-glass/2154296
Dadlar Salted Caramel Peanuts 125g Dave & Jon's,"29,90 kr","0.125kg 239,20 kr/kg",389 kcal,1632 kJ,12.3 g,3.5 g,59.7 g,45.7 g,6.6 g,0.2 g,8.1 g,,,,,,,2.15 mg,,,,,,,,,,655 mg,,,https://handlaprivatkund.ica.se/stores/1004181/products/dadlar-salted-caramel-peanuts-125g-dave-jon-s/2083010
Chokladpåse M Peanut 135g Marabou,"47,90 kr","0.135kg 354,81 kr/kg",513 kcal,2148 kJ,26 g,11 g,59 g,59 g,9.2 g,0.1 g,3.6 g,,,,,,,,,,,,,,,,,,,,https://handlaprivatkund.ica.se/stores/1004181/products/chokladp%C3%A5se-m-peanut-135g-marabou/2159034
Choklad Bridge Original 180g Cloetta,"40,90 kr","0.18kg 227,22 kr/kg",466 kcal,1961 kJ,19 g,10 g,68 g,63 g,5 g,0.13 g,,,,,,,,,,,,,,,,,,,,,https://handlaprivatkund.ica.se/stores/1004181/products/choklad-bridge-original-180g-cloetta/1403862
Nötter Gourmémix Salt 175g Nutisal,"42,90 kr","0.175kg 245,14 kr/kg",622 kcal,2575 kJ,53 g,6.5 g,14 g,5.2 g,19 g,1.4 g,,0 g,,,,,,,,,30 g,12 g,,,,,,,,,https://handlaprivatkund.ica.se/stores/1004181/products/n%C3%B6tter-gourm%C3%A9mix-salt-175g-nutisal/1484453
Dadlar Strawberry Milkshake 125g DAVE & JON'S,"29,90 kr","0.125kg 239,20 kr/kg",325 kcal,1360 kJ,3 g,1.8 g,64.7 g,52.5 g,2.3 g,0 g,12.1 g,,,,,,,,,,,,,,,,,,,,https://handlaprivatkund.ica.se/stores/1004181/products/dadlar-strawberry-milkshake-125g-dave-jon-s/2149661
Julenisser Fruktsmak 22g Cloetta,"6,90 kr","0.022kg 313,64 kr/kg",340 kcal,1300 kJ,0 g,0 g,73 g,65 g,4 g,0.04 g,,,,,,,,,,,,,,,,,,,,,https://handlaprivatkund.ica.se/stores/1004181/products/julenisser-fruktsmak-22g-cloetta/1413286
Mörk choklad 500ml Triumf Glass,"24,90 kr","0.5L 49,80 kr/l",220 kcal,950 kJ,12 g,6.8 g,23 g,21 g,3.7 g,0.31 g,,,,,,,,,,,,,,,,,,,,,https://handlaprivatkund.ica.se/stores/1004181/products/m%C3%B6rk-choklad-500ml-triumf-glass/2120080
Bittermandel 50g ICA,"22,90 kr","0.05kg 458,00 kr/kg",611 kcal,2525 kJ,52 g,37 g,8.2 g,4.6 g,23 g,0.02 g,10 g,,,,,,,,,,,,,,,,,,,,https://handlaprivatkund.ica.se/stores/1004181/products/bittermandel-50g-ica/2002106
Chips Dill 275g Estrella,"40,90 kr","0.275kg 148,73 kr/kg",517 kcal,2154 kJ,33 g,2.6 g,46 g,2.2 g,5.8 g,1.6 g,5.4 g,,,,,,,,,,,,,,,,,,,,https://handlaprivatkund.ica.se/stores/1004181/products/chips-dill-275g-estrella/1512390
Glass Mini Twister Mallooww 8-p Twister,"55,00 kr","8 per frp 6,88 kr/st",99 kcal,414 kJ,1.1 g,0.9 g,20 g,16 g,0.5 g,0.03 g,1 g,,,,,,,,,,,,,,,,,,,,https://handlaprivatkund.ica.se/stores/1004181/products/glass-mini-twister-mallooww-8-p-twister/2154424
Popcorn Smörsmak Micropop 3-p 240g OLW,"30,90 kr","0.24kg 128,75 kr/kg",450 kcal,1850 kJ,17 g,6.3 g,60 g,0.7 g,8.8 g,2.3 g,10 g,,,,,,,,,,,,,,,,,,,,https://handlaprivatkund.ica.se/stores/1004181/products/popcorn-sm%C3%B6rsmak-micropop-3-p-240g-olw/2043698
Milk Chocolate 100g Treatville,"19,90 kr","0.1kg 199,00 kr/kg",,,,,,,,,,,,,,,,,,,,,,,,,,,,,https://handlaprivatkund.ica.se/stores/1004181/products/milk-chocolate-100g-treatville/2049324
Glass Jordgubb & Lemon Curd 4-p Triumf Glass,"52,00 kr","4 per frp 13,00 kr/st",310 kcal,1250 kJ,22 g,18 g,25 g,24 g,3 g,0.12 g,,,,,,,,,,,,,,,,,,,,,https://handlaprivatkund.ica.se/stores/1004181/products/glass-jordgubb-lemon-curd-4-p-triumf-glass/2154444
Halstabletter Mint sockerfri 25g Fisherman's Friend,"20,90 kr","0.025kg 836,00 kr/kg",242 kcal,1006 kJ,0.5 g,0.5 g,98 g,0.5 g,0.5 g,0.01 g,0 g,98 g,,,,,,,,,,,,,,,,,,,https://handlaprivatkund.ica.se/stores/1004181/products/halstabletter-mint-sockerfri-25g-fisherman-s-friend/1001596
Halstabletter Extra starka Citron 80g Karamellpojkarna,"16,90 kr","0.08kg 211,25 kr/kg",387 kcal,1646 kJ,0 g,0 g,96 g,96 g,0 g,0 g,,,,,,,,,,,,,,,,,,,,,https://handlaprivatkund.ica.se/stores/1004181/products/halstabletter-extra-starka-citron-80g-karamellpojkarna/1378325
Chokladstycksak Karl Fazer Crunchy Kola & Nougat 55g Fazer,"19,90 kr","0.055kg 361,82 kr/kg",506 kcal,2115 kJ,26 g,16 g,59 g,50 g,7 g,0.8 g,,,,,,,,,,,,,,,,,,,,,https://handlaprivatkund.ica.se/stores/1004181/products/chokladstycksak-karl-fazer-crunchy-kola-nougat-55g-fazer/2134212
Stora cashewnötter 250g DL Nöttefabrikken,"85,00 kr","0.25kg 340,00 kr/kg",581 kcal,2423 kJ,47 g,7.9 g,26 g,5.8 g,18 g,1 g,3.2 g,,,,,,,,,,26 g,9 g,,,,,,,,,https://handlaprivatkund.ica.se/stores/1004181/products/stora-cashewn%C3%B6tter-250g-dl-n%C3%B6ttefabrikken/2138832
Godis Klassisk Blandning 180g Treatville,"35,90 kr","0.18kg 199,44 kr/kg",467 kcal,1958 kJ,20 g,10 g,65 g,61 g,4.3 g,0.12 g,,,,,,,,,,,,,,,,,,,,,https://handlaprivatkund.ica.se/stores/1004181/products/godis-klassisk-blandning-180g-treatville/2098028
Cheez doodles Super big 200g OLW,"42,90 kr","0.2kg 214,50 kr/kg",540 kcal,2250 kJ,31 g,15 g,53 g,2.5 g,12 g,2.2 g,,,,,,,,,,,,,,,,,,,,,https://handlaprivatkund.ica.se/stores/1004181/products/cheez-doodles-super-big-200g-olw/1485169
Fransk Nougat Dubbel 46g Marabou,"17,90 kr","0.046kg 389,13 kr/kg",445 kcal,1875 kJ,14.5 g,6.6 g,74 g,72 g,3 g,0.05 g,3.1 g,,,,,,,,,,,,,,,,,,,,https://handlaprivatkund.ica.se/stores/1004181/products/fransk-nougat-dubbel-46g-marabou/1004569
Halstabletter Original 25g Sockerfri Läkerol,"19,90 kr","0.025kg 796,00 kr/kg",204 kcal,848 kJ,0.3 g,0.3 g,54 g,0 g,1.3 g,0.38 g,,51 g,,,,,,,,,,,,,,,,,,,https://handlaprivatkund.ica.se/stores/1004181/products/halstabletter-original-25g-sockerfri-l%C3%A4kerol/1487434
Müslibar BIG Salted Caramel 40g Corny,"14,90 kr","0.04kg 372,50 kr/kg",417 kcal,1753 kJ,14 g,9.7 g,66 g,23 g,4.8 g,1.1 g,5.1 g,,,,,,,,,,,,,,,,,,,,https://handlaprivatkund.ica.se/stores/1004181/products/m%C3%BCslibar-big-salted-caramel-40g-corny/2105044
Godispåse Zoo 95g Malaco,"16,90 kr","0.095kg 177,89 kr/kg",358 kcal,1522 kJ,0.3 g,0.2 g,83 g,57 g,5.4 g,0.01 g,0.06 g,,,,,,,,,,,,,,,,,,,,https://handlaprivatkund.ica.se/stores/1004181/products/godisp%C3%A5se-zoo-95g-malaco/2127769
Chokladbar 50g Twix,"15,90 kr","0.05kg 318,00 kr/kg",493 kcal,2065 kJ,24 g,14 g,65 g,48 g,4.6 g,0.39 g,,,,,,,,,,,,,,,,,,,,,https://handlaprivatkund.ica.se/stores/1004181/products/chokladbar-50g-twix/2127916
Godisstänger Lakritsi Original 20g Fazer,"6,90 kr","0.02kg 345,00 kr/kg",321 kcal,1350 kJ,0.5 g,0.1 g,73 g,42 g,4.3 g,0.46 g,,,,,,,,,,,,,,,,,,,,,https://handlaprivatkund.ica.se/stores/1004181/products/godisst%C3%A4nger-lakritsi-original-20g-fazer/2141184
Choklad Vegan Salt Karamell 90g Green Star,"59,00 kr","0.09kg 655,56 kr/kg",533 kcal,2225 kJ,30 g,16 g,62 g,43 g,2.8 g,0.37 g,,,,,,,,,,,,,,,,,,,,,https://handlaprivatkund.ica.se/stores/1004181/products/choklad-vegan-salt-karamell-90g-green-star/2150862
Halstablett Honey Fresh & natural menthol 72g Vicks,"27,90 kr","0.072kg 387,50 kr/kg",392 kcal,1666 kJ,0 g,0 g,98 g,74 g,0.5 g,0.01 g,,,,,,,,,,,,,,,,,,,,,https://handlaprivatkund.ica.se/stores/1004181/products/halstablett-honey-fresh-natural-menthol-72g-vicks/1528822
Dippmix Ranch 24g Redhead,"14,90 kr","0.24kg 62,08 kr/kg",324 kcal,1355 kJ,4.3 g,2.5 g,61 g,39 g,8.8 g,16.3 g,2.4 g,,,,,,,,,,,,,,,,,,,,https://handlaprivatkund.ica.se/stores/1004181/products/dippmix-ranch-24g-redhead/2165619
Müslibar BIG Choklad & banan 50g Corny,"14,90 kr","0.05kg 298,00 kr/kg",423 kcal,1778 kJ,14 g,9.4 g,68 g,35 g,4.9 g,0.4 g,3.6 g,,,,,,,,,,,,,,,,,,,,https://handlaprivatkund.ica.se/stores/1004181/products/m%C3%BCslibar-big-choklad-banan-50g-corny/1499893
Chips Naturella 200g ICA Basic,"22,90 kr","0.2kg 114,50 kr/kg",530 kcal,2300 kJ,31 g,2.5 g,55 g,0.5 g,6.1 g,1.2 g,,,,,,,,,,,,,,,,,,,,,https://handlaprivatkund.ica.se/stores/1004181/products/chips-naturella-200g-ica-basic/1422488
Halstabletter Eukalyptus menthol 65g Kanolds,"24,90 kr","0.065kg 383,08 kr/kg",392 kcal,1664 kJ,0.7 g,,96 g,53 g,,,,,,,,,,,,,,,,,,,,,,,https://handlaprivatkund.ica.se/stores/1004181/products/halstabletter-eukalyptus-menthol-65g-kanolds/1004528
Chokladkaka Marianne 145g Fazer,"42,90 kr","0.145kg 295,86 kr/kg",525 kcal,2195 kJ,30 g,17 g,53 g,51 g,9.7 g,0.3 g,,,,,,,,,,,,,,,,,,,,,https://handlaprivatkund.ica.se/stores/1004181/products/chokladkaka-marianne-145g-fazer/2033694
Glasspinne Piggelin 55ml GB Glace,"11,90 kr",,91 kcal,382 kJ,0.5 g,0.1 g,22 g,21 g,0.5 g,0.01 g,0.5 g,,,,,,,,,,,,,,,,,,,,https://handlaprivatkund.ica.se/stores/1004181/products/glasspinne-piggelin-55ml-gb-glace/1006419
Valnötter 100g ICA Gott Liv,"35,90 kr","0.1kg 359,00 kr/kg",696 kcal,2875 kJ,67 g,6.9 g,3.2 g,2.3 g,16 g,0.05 g,6.4 g,,386 mg,,,,,,151 mg,,,,,,,,,,,,https://handlaprivatkund.ica.se/stores/1004181/products/valn%C3%B6tter-100g-ica-gott-liv/1383809
Godis Original 160g Ahlgrens Bilar,"24,90 kr","0.16kg 155,63 kr/kg",352 kcal,1493 kJ,0.2 g,0.2 g,82 g,57 g,4.4 g,0.02 g,,,,,,,,,,,,,,,,,,,,,https://handlaprivatkund.ica.se/stores/1004181/products/godis-original-160g-ahlgrens-bilar/1308752
Fikon Soft Ekologisk 200g ICA I love eco,"52,00 kr","0.2kg 260,00 kr/kg",270 kcal,1150 kJ,2 g,0.5 g,54 g,47 g,2.9 g,0.2 g,11 g,,,,,,,,,,,,,,,,,,,,https://handlaprivatkund.ica.se/stores/1004181/products/fikon-soft-ekologisk-200g-ica-i-love-eco/1355354
Glass Kinastrut 1-p Fazer,"34,90 kr",,343 kcal,1435 kJ,17 g,6.8 g,43 g,30 g,3.8 g,0.32 g,,,,,,,,,,,,,,,,,,,,,https://handlaprivatkund.ica.se/stores/1004181/products/glass-kinastrut-1-p-fazer/2154537
Godispåse Shakes 100g Haribo,"17,90 kr","0.1kg 179,00 kr/kg",350 kcal,1487 kJ,0.5 g,0.1 g,80 g,52 g,6.8 g,0.01 g,,,,,,,,,,,,,,,,,,,,,https://handlaprivatkund.ica.se/stores/1004181/products/godisp%C3%A5se-shakes-100g-haribo/2157738
LantChips Kantarell Räfflade 200g LantChips,"30,90 kr","0.2kg 154,50 kr/kg",485 kcal,2029 kJ,25 g,2.5 g,56 g,1.7 g,8.1 g,1.5 g,,,,,,,,,,,,,,,,,,,,,https://handlaprivatkund.ica.se/stores/1004181/products/lantchips-kantarell-r%C3%A4fflade-200g-lantchips/2165291
Noblesse Mörk choklad Crisp 150g Marabou,"69,00 kr","0.15kg 460,00 kr/kg",560 kcal,2330 kJ,35 g,21.5 g,53.5 g,47.5 g,4.4 g,0.13 g,6.1 g,,,,,,,,,,,,,,,,,,,,https://handlaprivatkund.ica.se/stores/1004181/products/noblesse-m%C3%B6rk-choklad-crisp-150g-marabou/1006877
Glass Cookie Dough 465ml Ben & Jerrys,"80,00 kr","0.465L 172,04 kr/l",273 kcal,1145 kJ,15 g,9.2 g,31 g,25 g,4.1 g,0.17 g,,,,,,,,,,,,,,,,,,,,,https://handlaprivatkund.ica.se/stores/1004181/products/glass-cookie-dough-465ml-ben-jerrys/2054705
Nut & Fruitmix 200g ICA,"41,90 kr","0.2kg 209,50 kr/kg",480 kcal,2006 kJ,26 g,4.4 g,47 g,35 g,12 g,0.5 g,4.8 g,,,,,,,,,,,,,,,,,,,,https://handlaprivatkund.ica.se/stores/1004181/products/nut-fruitmix-200g-ica/2058362
Dadlar Lakrits Kärnfria 150g ICA,"32,90 kr","0.15kg 219,33 kr/kg",,1345 kJ,1.4 g,,71.4 g,65.7 g,2.1 g,0 g,6.2 g,,,,,,,,,,,,,,,,,582 mg,,,https://handlaprivatkund.ica.se/stores/1004181/products/dadlar-lakrits-k%C3%A4rnfria-150g-ica/2062191
Halstabletter Cassis 25g Sockerfri Läkerol,"19,90 kr","0.025kg 796,00 kr/kg",202 kcal,842 kJ,0.3 g,0.2 g,55 g,0 g,1 g,0.37 g,,55 g,,,,,,,,,,,,,,,,,,,https://handlaprivatkund.ica.se/stores/1004181/products/halstabletter-cassis-25g-sockerfri-l%C3%A4kerol/1487433
Popcorn Färdigpoppade Saltade 65g Estrella,"15,90 kr","0.065kg 244,62 kr/kg",400 kcal,1680 kJ,11 g,1.3 g,57 g,0.6 g,11 g,3.4 g,14 g,,,,,,,,,,,,,,,,,,,,https://handlaprivatkund.ica.se/stores/1004181/products/popcorn-f%C3%A4rdigpoppade-saltade-65g-estrella/1465015
Chips Nacho cheese 170g Doritos,"41,90 kr","0.17kg 246,47 kr/kg",478 kcal,2003 kJ,22 g,2.2 g,58 g,2.7 g,6.8 g,0.89 g,5.5 g,,,,,,,,,,,,,,,,,,,,https://handlaprivatkund.ica.se/stores/1004181/products/chips-nacho-cheese-170g-doritos/1440671
Chips Peppar 275g Estrella,"40,90 kr","0.275kg 148,73 kr/kg",514 kcal,2141 kJ,33 g,2.6 g,46 g,1.9 g,5.8 g,1.7 g,5.2 g,,,,,,,,,,,,,,,,,,,,https://handlaprivatkund.ica.se/stores/1004181/products/chips-peppar-275g-estrella/1512442
Glass Finaste Pistage 500ml SIA Glass,"63,00 kr","0.5L 126,00 kr/l",280 kcal,1150 kJ,18 g,9.2 g,24 g,22 g,4.2 g,0.1 g,0 g,0 g,,0 µg,0 µg,0 µg,0 µg,,,,,,,,,,,,,,https://handlaprivatkund.ica.se/stores/1004181/products/glass-finaste-pistage-500ml-sia-glass/2154435
Chokladkaka Dumle Original 145g Fazer,"42,90 kr","0.145kg 295,86 kr/kg",523 kcal,2184 kJ,30 g,17 g,54 g,51 g,9.7 g,0.31 g,,,,,,,,,,,,,,,,,,,,,https://handlaprivatkund.ica.se/stores/1004181/products/chokladkaka-dumle-original-145g-fazer/2033661
Chokladbit LINDOR Mjölkchoklad 38g Lindt,"21,90 kr","0.038kg 576,32 kr/kg",606 kcal,2520 kJ,44 g,33 g,46 g,45 g,5.5 g,0.14 g,,,,,,,,,,,,,,,,,,,,,https://handlaprivatkund.ica.se/stores/1004181/products/chokladbit-lindor-mj%C3%B6lkchoklad-38g-lindt/2045275
Godispåse Tutti Frutti Remix Original 150g Fazer,"24,90 kr","0.15kg 166,00 kr/kg",355 kcal,1493 kJ,0.5 g,0 g,86 g,59 g,1.9 g,0.34 g,,,,,,,,,,,,,,,,,,,,,https://handlaprivatkund.ica.se/stores/1004181/products/godisp%C3%A5se-tutti-frutti-remix-original-150g-fazer/2141187
Chokladkaka Choco caramel 47g Tony's Chocolonely,"22,90 kr","0.047kg 487,23 kr/kg",537 kcal,2247 kJ,32 g,19 g,54 g,51 g,6.9 g,0.69 g,,,,,,,,,,,,,,,,,,,,,https://handlaprivatkund.ica.se/stores/1004181/products/chokladkaka-choco-caramel-47g-tony-s-chocolonely/2096164
Soft Caramels 125g Werthers original,"29,90 kr","0.125kg 239,20 kr/kg",420 kcal,1764 kJ,14.9 g,8.9 g,69.8 g,40.5 g,3.5 g,0.63 g,,,,,,,,,,,,,,,,,,,,,https://handlaprivatkund.ica.se/stores/1004181/products/soft-caramels-125g-werthers-original/1527397
Glass Hockeypulver 1-p Triumf Glass,"25,90 kr",,310 kcal,1300 kJ,19 g,10 g,32 g,31 g,2.1 g,0.23 g,,,,,,,,,,,,,,,,,,,,,https://handlaprivatkund.ica.se/stores/1004181/products/glass-hockeypulver-1-p-triumf-glass/2130082
Chips Grillad majs med smör 150g Redhead,"40,90 kr","0.15kg 272,67 kr/kg",486 kcal,2035 kJ,26 g,2.6 g,56 g,2 g,8.5 g,1.6 g,,,,,,,,,,,,,,,,,,,,,https://handlaprivatkund.ica.se/stores/1004181/products/chips-grillad-majs-med-sm%C3%B6r-150g-redhead/2165282
Äkta Vanilj Laktosfri 1.75l Triumf Glass,"39,00 kr","1.75L 22,29 kr/l",190 kcal,800 kJ,9.8 g,6.4 g,23 g,18 g,3.1 g,0.19 g,,,,,,,,,,,,,,,,,,,,,https://handlaprivatkund.ica.se/stores/1004181/products/%C3%A4kta-vanilj-laktosfri-1-75l-triumf-glass/2142357
Godis Mega Roulette Sour 45g Haribo,"9,90 kr","0.045kg 220,00 kr/kg",338 kcal,1437 kJ,0.5 g,0.1 g,77 g,46 g,5.7 g,0.03 g,,,,,,,,,,,,,,,,,,,,,https://handlaprivatkund.ica.se/stores/1004181/products/godis-mega-roulette-sour-45g-haribo/1431994
Glasspinne Nogger 87ml GB Glace,"22,90 kr",,352 kcal,1463 kJ,25 g,15 g,27 g,25 g,3.8 g,0.16 g,0.9 g,,,,,,,,,,,,,,,,,,,,https://handlaprivatkund.ica.se/stores/1004181/products/glasspinne-nogger-87ml-gb-glace/1128646
Tuggummi Eucalyptus 29g Extra,"22,90 kr","0.029kg 789,66 kr/kg",147 kcal,614 kJ,0 g,0 g,61 g,0 g,0 g,0 g,,61 g,,,,,,,,,,,,,,,,,,,https://handlaprivatkund.ica.se/stores/1004181/products/tuggummi-eucalyptus-29g-extra/2128787
Gräddglass Glassbåtar 6-p 840ml Sia Glass,"59,00 kr","6 per frp 9,83 kr/st",250 kcal,1050 kJ,13 g,9.9 g,29 g,24 g,4 g,0.1 g,0 g,0 g,,0 µg,0 µg,0 µg,0 µg,,,,,,,,,,,,,,https://handlaprivatkund.ica.se/stores/1004181/products/gr%C3%A4ddglass-glassb%C3%A5tar-6-p-840ml-sia-glass/2014811
Chips Corners Cheese 160g Estrella,"35,90 kr","0.16kg 224,38 kr/kg",499 kcal,2089 kJ,25 g,2.1 g,62 g,4.8 g,6.3 g,1.6 g,5 g,,,,,,,,,,,,,,,,,,,,https://handlaprivatkund.ica.se/stores/1004181/products/chips-corners-cheese-160g-estrella/2165268
Glass Vanilj Vegansk 750ml Laktosfri Choice,"42,90 kr","0.75L 57,20 kr/l",92 kcal,389 kJ,3.1 g,2.6 g,15 g,12 g,0.54 g,0.11 g,,,,,,,,,,,,,,,,,,,,,https://handlaprivatkund.ica.se/stores/1004181/products/glass-vanilj-vegansk-750ml-laktosfri-choice/1529572
Chips Sweet chili pepper 170g Doritos,"41,90 kr","0.17kg 246,47 kr/kg",477 kcal,1996 kJ,22 g,2 g,60 g,4.5 g,6.4 g,1.1 g,5.5 g,,,,,,,,,,,,,,,,,,,,https://handlaprivatkund.ica.se/stores/1004181/products/chips-sweet-chili-pepper-170g-doritos/1440699
Tuggummi Sweet Mint Sockerfri 84g Extra,"56,00 kr","0.084kg 666,67 kr/kg",156 kcal,650 kJ,0 g,0 g,65 g,0 g,0 g,0.06 g,,65 g,,,,,,,,,,,,,,,,,,,https://handlaprivatkund.ica.se/stores/1004181/products/tuggummi-sweet-mint-sockerfri-84g-extra/1455154
Godis Nappar Cola Sur 70g Haribo,"13,90 kr","0.07kg 198,57 kr/kg",345 kcal,1463 kJ,0 g,0 g,80 g,49 g,5 g,0.01 g,,,,,,,,,,,,,,,,,,,,,https://handlaprivatkund.ica.se/stores/1004181/products/godis-nappar-cola-sur-70g-haribo/2084292
Nappar Lakrits 80g Haribo,"13,90 kr","0.08kg 173,75 kr/kg",323 kcal,1374 kJ,0.5 g,0.1 g,80 g,44 g,0.5 g,4.7 g,,,,,,,,,,,,,,,,,,,,,https://handlaprivatkund.ica.se/stores/1004181/products/nappar-lakrits-80g-haribo/1368324
Halstabletter Cactus 25g Sockerfri Läkerol,"19,90 kr","0.025kg 796,00 kr/kg",200 kcal,833 kJ,0.3 g,0.3 g,54 g,0 g,1.1 g,0.39 g,,53 g,,,,,,,,,,,,,,,,,,,https://handlaprivatkund.ica.se/stores/1004181/products/halstabletter-cactus-25g-sockerfri-l%C3%A4kerol/1487432
Chips Sourcream & Peppar 150g Redhead,"37,90 kr","0.15kg 252,67 kr/kg",485 kcal,2029 kJ,26 g,2.6 g,56 g,3 g,8.4 g,1.4 g,,,,,,,,,,,,,,,,,,,,,https://handlaprivatkund.ica.se/stores/1004181/products/chips-sourcream-peppar-150g-redhead/2165281
Choklad Skotte Dubbel 50g Marabou,"17,90 kr","0.05kg 358,00 kr/kg",535 kcal,2235 kJ,33 g,16 g,53 g,49.5 g,4.5 g,0.1 g,5.2 g,,,,,,,,,,,,,,,,,,,,https://handlaprivatkund.ica.se/stores/1004181/products/choklad-skotte-dubbel-50g-marabou/1005083
Choklad Pigall Dubbel 40g Marabou,"17,90 kr","0.04kg 447,50 kr/kg",625 kcal,2600 kJ,47.5 g,36.5 g,44.5 g,38 g,4.4 g,0.13 g,1.2 g,,,,,,,,,,,,,,,,,,,,https://handlaprivatkund.ica.se/stores/1004181/products/choklad-pigall-dubbel-40g-marabou/1005082
Tuggummi Professional white Spearemint 29g Extra,"22,90 kr","0.029kg 789,66 kr/kg",145 kcal,604 kJ,0 g,0 g,60 g,0 g,0 g,0.06 g,,60 g,,,,,,,,,,,,,,,,,,,https://handlaprivatkund.ica.se/stores/1004181/products/tuggummi-professional-white-spearemint-29g-extra/1278960
Hot Holiday Dipmix 24g Estrella,"14,90 kr","0.024kg 620,83 kr/kg",300 kcal,1270 kJ,2.3 g,0.4 g,64 g,31.6 g,5.6 g,18.3 g,,,,,,,,,,,,,,,,,,,,,https://handlaprivatkund.ica.se/stores/1004181/products/hot-holiday-dipmix-24g-estrella/1394742
Salta kringlor Pretzels 200g ICA Basic,"20,90 kr","0.2kg 104,50 kr/kg",402 kcal,1695 kJ,7.9 g,0.9 g,70 g,2.3 g,11 g,3.7 g,,,,,,,,,,,,,,,,,,,,,https://handlaprivatkund.ica.se/stores/1004181/products/salta-kringlor-pretzels-200g-ica-basic/2145570
Chokladkaka Black Saltlakrits 90g Marabou,"28,90 kr","0.09kg 321,11 kr/kg",528 kcal,2206 kJ,28 g,17 g,63 g,62 g,4 g,0.24 g,1.8 g,,,,,,,,,,,,,,,,,,,,https://handlaprivatkund.ica.se/stores/1004181/products/chokladkaka-black-saltlakrits-90g-marabou/2166178
Mandelspån 100g Dr.Oetker,"36,90 kr","0.1kg 369,00 kr/kg",,,,,,,,,,,,,,,,,,,,,,,,,,,,,https://handlaprivatkund.ica.se/stores/1004181/products/mandelsp%C3%A5n-100g-dr-oetker/1375968
Chips Hot Sweet Chili 275g Estrella,"40,90 kr","0.275kg 148,73 kr/kg",516 kcal,2148 kJ,33 g,2.6 g,43 g,2.2 g,5.1 g,1.9 g,5.4 g,,,,,,,,,,,,,,,,,,,,https://handlaprivatkund.ica.se/stores/1004181/products/chips-hot-sweet-chili-275g-estrella/1512436
Hallon och lakritsskalle 190g Fairtrade Bubs,"24,90 kr","0.19kg 131,05 kr/kg",353 kcal,1476 kJ,0.2 g,0.2 g,86 g,60 g,0 g,0.2 g,,,,,,,,,,,,,,,,,,,,,https://handlaprivatkund.ica.se/stores/1004181/products/hallon-och-lakritsskalle-190g-fairtrade-bubs/1499726
Glasspinne Almond 100ml Magnum,"33,90 kr",,335 kcal,1399 kJ,21 g,13 g,31 g,26 g,4.8 g,0.11 g,,,,,,,,,,,,,,,,,,,,,https://handlaprivatkund.ica.se/stores/1004181/products/glasspinne-almond-100ml-magnum/2054646
Raspberry Licorice 25g Läkerol,"19,90 kr","0.025kg 796,00 kr/kg",201 kcal,839 kJ,0.3 g,0.3 g,54 g,0 g,1.1 g,0.39 g,,53 g,,,,,,,,,,,,,,,,,,,https://handlaprivatkund.ica.se/stores/1004181/products/raspberry-licorice-25g-l%C3%A4kerol/2053191
Chips Sour Cream & Onion 150g Redhead,"40,90 kr","0.15kg 272,67 kr/kg",489 kcal,2046 kJ,26 g,2.6 g,56.2 g,2.6 g,8.4 g,1.2 g,,,,,,,,,,,,,,,,,,,,,https://handlaprivatkund.ica.se/stores/1004181/products/chips-sour-cream-onion-150g-redhead/2149627
Kolasås 300g ICA,"38,90 kr","0.3kg 129,67 kr/kg",325 kcal,1373 kJ,7 g,6.5 g,64 g,39 g,1.5 g,0.3 g,,,,,,,,,,,,,,,,,,,,,https://handlaprivatkund.ica.se/stores/1004181/products/kolas%C3%A5s-300g-ica/1278644
Micropopcorn Smörsmak 270g 3-p ICA,"25,90 kr","0.27kg 95,93 kr/kg",436 kcal,1823 kJ,20 g,9.3 g,50 g,0.8 g,8.9 g,2 g,10 g,,,,,,,,,,,,,,,,,,,,https://handlaprivatkund.ica.se/stores/1004181/products/micropopcorn-sm%C3%B6rsmak-270g-3-p-ica/2037598
Chokladkaka Fudge & Havssalt 160g Marabou,"38,90 kr","0.16kg 243,13 kr/kg",533 kcal,2227 kJ,30 g,18 g,61 g,59 g,4.4 g,0.59 g,1.8 g,,,,,,,,,,,,,,,,,,,,https://handlaprivatkund.ica.se/stores/1004181/products/chokladkaka-fudge-havssalt-160g-marabou/2166169
Gräddglass Vår finaste Valnöt 500ml SIA Glass,"63,00 kr","0.5L 126,00 kr/l",280 kcal,1200 kJ,17 g,8.7 g,25 g,23 g,4.4 g,0.1 g,0 g,0 g,,0 µg,0 µg,0 µg,0 µg,,,,,,,,,,,,,,https://handlaprivatkund.ica.se/stores/1004181/products/gr%C3%A4ddglass-v%C3%A5r-finaste-valn%C3%B6t-500ml-sia-glass/2054670
Glass Jordgubb 1-p GB Glace,"33,90 kr",,358 kcal,1497 kJ,21 g,14 g,38 g,28 g,3.6 g,0.31 g,1.1 g,,,,,,,,,,,,,,,,,,,,https://handlaprivatkund.ica.se/stores/1004181/products/glass-jordgubb-1-p-gb-glace/2154459
Gräddglass Vit choklad 500ml SIA Glass,"24,90 kr","0.5L 49,80 kr/l",230 kcal,1000 kJ,13 g,7.7 g,24 g,23 g,4.2 g,0.1 g,0 g,0 g,,0 µg,0 µg,0 µg,0 µg,,,,,,,,,,,,,,https://handlaprivatkund.ica.se/stores/1004181/products/gr%C3%A4ddglass-vit-choklad-500ml-sia-glass/1510229
Chokladkaka EXCELLENCE Fikon Mörk Choklad 100g Lindt,"55,00 kr","0.1kg 550,00 kr/kg",521 kcal,2171 kJ,30 g,18 g,53 g,50 g,5.8 g,0.1 g,,,,,,,,,,,,,,,,,,,,,https://handlaprivatkund.ica.se/stores/1004181/products/chokladkaka-excellence-fikon-m%C3%B6rk-choklad-100g-lindt/2024184
Glass Chocolatey Love A-Fair 465ml Ben & Jerrys,"80,00 kr","0.465L 172,04 kr/l",233 kcal,979 kJ,14 g,9.5 g,23 g,22 g,3.6 g,0.35 g,,,,,,,,,,,,,,,,,,,,,https://handlaprivatkund.ica.se/stores/1004181/products/glass-chocolatey-love-a-fair-465ml-ben-jerrys/2103187
Nötmix Nötti Frutti 330g Den lille Nöttefabrikken,"67,00 kr","0.33kg 203,03 kr/kg",471 kcal,1971 kJ,27 g,3.7 g,46 g,37 g,13 g,0.1 g,4.8 g,,,,,,,,,,14 g,7.3 g,,,,,,,,,https://handlaprivatkund.ica.se/stores/1004181/products/n%C3%B6tmix-n%C3%B6tti-frutti-330g-den-lille-n%C3%B6ttefabrikken/2011156
Glass Daimstrut mini 6-pack GB Glace,"61,00 kr","6 per frp 10,17 kr/st",336 kcal,1404 kJ,17 g,12 g,43 g,29 g,4.1 g,0.21 g,,,,,,,,,,,,,,,,,,,,,https://handlaprivatkund.ica.se/stores/1004181/products/glass-daimstrut-mini-6-pack-gb-glace/1259083
Kola 125g Toffifee,"31,90 kr","0.125kg 255,20 kr/kg",516 kcal,2153 kJ,28.7 g,12.6 g,58.5 g,48.5 g,5.9 g,0.22 g,,,,,,,,,,,,,,,,,,,,,https://handlaprivatkund.ica.se/stores/1004181/products/kola-125g-toffifee/1003169
Ostbågar Plant cheez vegan 200g OLW,"42,90 kr","0.2kg 214,50 kr/kg",550 kcal,2280 kJ,31 g,2.6 g,60 g,1.8 g,6.3 g,1.9 g,,,,,,,,,,,,,,,,,,,,,https://handlaprivatkund.ica.se/stores/1004181/products/ostb%C3%A5gar-plant-cheez-vegan-200g-olw/2125902
Micropopcorn Smörsmak 3-p 240g Estrella,"31,90 kr","0.24kg 132,92 kr/kg",459 kcal,1921 kJ,19 g,4.4 g,58 g,0.7 g,8.8 g,1.2 g,11 g,,,,,,,,,,,,,,,,,,,,https://handlaprivatkund.ica.se/stores/1004181/products/micropopcorn-sm%C3%B6rsmak-3-p-240g-estrella/2029789
Nötter Enjoy mix 175g Nutisal,"42,90 kr","0.175kg 245,14 kr/kg",569 kcal,2362 kJ,42 g,6 g,25 g,5.7 g,18 g,1.1 g,7.1 g,,,,,,,,,,24 g,8.7 g,,,,,,,,,https://handlaprivatkund.ica.se/stores/1004181/products/n%C3%B6tter-enjoy-mix-175g-nutisal/1520292
Chips Cream Cheese & Onion 275g Estrella,"40,90 kr","0.275kg 148,73 kr/kg",518 kcal,2157 kJ,33 g,2.7 g,46 g,1.95 g,5.9 g,1.4 g,5.4 g,,,,,,,,,,,,,,,,,,,,https://handlaprivatkund.ica.se/stores/1004181/products/chips-cream-cheese-onion-275g-estrella/2138823
Energibar Kärleksmums Glutenfri/Nötfri 40g Fibr,"29,90 kr","0.04kg 747,50 kr/kg",353 kcal,1476 kJ,14 g,10 g,50 g,2 g,6.3 g,0.3 g,18 g,,,,,,,,,,,,,,,,,,,,https://handlaprivatkund.ica.se/stores/1004181/products/energibar-k%C3%A4rleksmums-glutenfri-n%C3%B6tfri-40g-fibr/2117399
Fem bästisar Dragé Mix 170g Exotic Snacks,"58,00 kr","0.17kg 341,18 kr/kg",530 kcal,2200 kJ,32 g,15 g,53 g,45 g,7.1 g,0.15 g,3.1 g,,,,,,,,,,,,,,,,,,,,https://handlaprivatkund.ica.se/stores/1004181/products/fem-b%C3%A4stisar-drag%C3%A9-mix-170g-exotic-snacks/1463992
Godis Fluffy Cloud Smultron Äpple 50g Pändy,"26,90 kr","0.05kg 538,00 kr/kg",140 kcal,573 kJ,0 g,0 g,16 g,1.3 g,4 g,0.05 g,53 g,12.7 g,,,,,,,,,,,,,,,,,,,https://handlaprivatkund.ica.se/stores/1004181/products/godis-fluffy-cloud-smultron-%C3%A4pple-50g-p%C3%A4ndy/2118923
Godispåse Spaghetti Sur Cola 70g bebeto,"10,90 kr","0.07kg 155,71 kr/kg",380 kcal,1610 kJ,2.9 g,1.6 g,84.7 g,57 g,2.7 g,0 g,,,,,,,,,,,,,,,,,,,,,https://handlaprivatkund.ica.se/stores/1004181/products/godisp%C3%A5se-spaghetti-sur-cola-70g-bebeto/2134239
Glass Vanilj med Mango & Passionfruktsås 900 ml ICA,"46,90 kr","0.9L 52,11 kr/l",196 kcal,823 kJ,7.5 g,4.9 g,30 g,28 g,2.5 g,0.19 g,,,,,,,,,,,,,,,,,,,,,https://handlaprivatkund.ica.se/stores/1004181/products/glass-vanilj-med-mango-passionfrukts%C3%A5s-900-ml-ica/2107475
Jordnötter 1kg ICA Basic,"54,00 kr","1kg 54,00 kr/kg",618 kcal,2559 kJ,50 g,6 g,9.6 g,5 g,26 g,1 g,,,,,,,,,,,,,,,,,,,,,https://handlaprivatkund.ica.se/stores/1004181/products/jordn%C3%B6tter-1kg-ica-basic/1410849
Russin Kärnfria 500g ICA,"64,00 kr","0.5kg 128,00 kr/kg",,,,,,,,,,,,,,,,,,,,,,,,,,,,,https://handlaprivatkund.ica.se/stores/1004181/products/russin-k%C3%A4rnfria-500g-ica/1026322
Isglass Calippo Cola 105ml GB Glace,"22,90 kr",,83 kcal,361 kJ,0.5 g,0.5 g,20 g,17 g,0.5 g,0.01 g,,,,,,,,,,,,,,,,,,,,,https://handlaprivatkund.ica.se/stores/1004181/products/isglass-calippo-cola-105ml-gb-glace/1294905
Paranötter 175g ICA Gott Liv,"102,00 kr","0.175kg 582,86 kr/kg",683 kcal,2860 kJ,67 g,15 g,2.1 g,1.9 g,14 g,0 g,13 g,,723 mg,,,,,,400 mg,3.8 mg,,,,,,,,,,,https://handlaprivatkund.ica.se/stores/1004181/products/paran%C3%B6tter-175g-ica-gott-liv/1383755
Hallonsorbet 500ml Sia Glass,"26,90 kr","0.5L 53,80 kr/l",140 kcal,600 kJ,0.5 g,0.5 g,33 g,31 g,0.5 g,0 g,0 g,,,0 µg,0 µg,0 µg,0 µg,,,,,,,,,,,,,,https://handlaprivatkund.ica.se/stores/1004181/products/hallonsorbet-500ml-sia-glass/2035388
Cheese Ballz 225g Olw,"42,90 kr","0.225kg 190,67 kr/kg",540 kcal,2250 kJ,31 g,15 g,54 g,2.8 g,11 g,1.9 g,,,,,,,,,,,,,,,,,,,,,https://handlaprivatkund.ica.se/stores/1004181/products/cheese-ballz-225g-olw/1485145
Glasspinne Ananas Split 8-p Triumf Glass,"52,00 kr","8 per frp 6,50 kr/st",180 kcal,750 kJ,8.7 g,6.6 g,23 g,23 g,1.4 g,0.09 g,,,,,,,,,,,,,,,,,,,,,https://handlaprivatkund.ica.se/stores/1004181/products/glasspinne-ananas-split-8-p-triumf-glass/2086312
Västkustchips Cheddar & rödlök 180g Estrella,"35,90 kr","0.18kg 199,44 kr/kg",458 kcal,1915 kJ,23 g,2.1 g,53 g,3 g,7 g,1.4 g,6.1 g,,,,,,,,,,,,,,,,,,,,https://handlaprivatkund.ica.se/stores/1004181/products/v%C3%A4stkustchips-cheddar-r%C3%B6dl%C3%B6k-180g-estrella/2022371
Fruktilurer Sur 75g Haribo,"13,90 kr","0.075kg 185,33 kr/kg",355 kcal,1499 kJ,0.5 g,0.1 g,87 g,59 g,0.1 g,0.02 g,,,,,,,,,,,,,,,,,,,,,https://handlaprivatkund.ica.se/stores/1004181/products/fruktilurer-sur-75g-haribo/2057873
Godis Stora Nappar Frukt & Skum 170g Haribo,"24,90 kr","0.17kg 146,47 kr/kg",354 kcal,1503 kJ,0.5 g,0.1 g,81 g,56 g,6 g,0.01 g,,,,,,,,,,,,,,,,,,,,,https://handlaprivatkund.ica.se/stores/1004181/products/godis-stora-nappar-frukt-skum-170g-haribo/2033494
Kinder Surpriseägg 3-p 60g Ferrero,"47,90 kr","0.06kg 798,33 kr/kg",552 kcal,2302 kJ,34.2 g,22.6 g,52.3 g,52.1 g,8.1 g,0.323 g,,,,,,,,,,,,,,,,,,,,,https://handlaprivatkund.ica.se/stores/1004181/products/kinder-surprise%C3%A4gg-3-p-60g-ferrero/1286387
Torkade Aprikoser 250g ICA Basic,"30,90 kr","0.25kg 123,60 kr/kg",190 kcal,795 kJ,0.5 g,0.1 g,41 g,39 g,2.2 g,0 g,5.3 g,,,,,,,,,,,,,,,,,,,,https://handlaprivatkund.ica.se/stores/1004181/products/torkade-aprikoser-250g-ica-basic/1411316
Salted Caramel 125g Werthers original,"29,90 kr","0.125kg 239,20 kr/kg",460 kcal,1928 kJ,20.3 g,11.2 g,68 g,43.2 g,3 g,0.76 g,,,,,,,,,,,,,,,,,,,,,https://handlaprivatkund.ica.se/stores/1004181/products/salted-caramel-125g-werthers-original/2095769
Chokladkaka EXCELLENCE Karamell Havssalt Mörk 100g Lindt,"55,00 kr","0.1kg 550,00 kr/kg",520 kcal,2170 kJ,29 g,17 g,56 g,52 g,5.4 g,0.32 g,,,,,,,,,,,,,,,,,,,,,https://handlaprivatkund.ica.se/stores/1004181/products/chokladkaka-excellence-karamell-havssalt-m%C3%B6rk-100g-lindt/1441899
Chips Cheddar Royal & Sourcreme 275g OLW,"39,90 kr","0.275kg 145,09 kr/kg",520 kcal,2200 kJ,33 g,3.5 g,57 g,3.2 g,5.1 g,1.5 g,,,,,,,,,,,,,,,,,,,,,https://handlaprivatkund.ica.se/stores/1004181/products/chips-cheddar-royal-sourcreme-275g-olw/2043634
Chokladkaka Drömkrisp 100g Marabou,"33,90 kr","0.1kg 339,00 kr/kg",565 kcal,2355 kJ,35.5 g,19 g,55 g,53 g,4.6 g,0.38 g,2.3 g,,,,,,,,,,,,,,,,,,,,https://handlaprivatkund.ica.se/stores/1004181/products/chokladkaka-dr%C3%B6mkrisp-100g-marabou/1441870
Chokladpralin LINDOR Salted Caramel 137g Lindt,"77,00 kr","0.137kg 562,04 kr/kg",623 kcal,2589 kJ,47 g,35 g,43 g,42 g,4.9 g,0.45 g,,,,,,,,,,,,,,,,,,,,,https://handlaprivatkund.ica.se/stores/1004181/products/chokladpralin-lindor-salted-caramel-137g-lindt/2057889
After Eight 400g Nestle,"106,00 kr","0.4kg 265,00 kr/kg",426 kcal,1792 kJ,12.9 g,7.6 g,73.5 g,67.8 g,2.1 g,0.03 g,2.8 g,,,,,,,,,,,,,,,,,,,,https://handlaprivatkund.ica.se/stores/1004181/products/after-eight-400g-nestle/1422314
Chips Lättsaltade 175g KRAV ICA I love eco,"37,90 kr","0.175kg 216,57 kr/kg",484 kcal,2018 kJ,30 g,2.5 g,46 g,0.6 g,4.9 g,1.2 g,,,,,,,,,,,,,,,,,,,,,https://handlaprivatkund.ica.se/stores/1004181/products/chips-l%C3%A4ttsaltade-175g-krav-ica-i-love-eco/1370945
"Gräddglass Gammaldags vanilj 0,5l Triumf Glass","24,90 kr","0.5L 49,80 kr/l",200 kcal,850 kJ,11 g,7.2 g,23 g,22 g,2.9 g,0.18 g,,,,,,,,,,,,,,,,,,,,,https://handlaprivatkund.ica.se/stores/1004181/products/gr%C3%A4ddglass-gammaldags-vanilj-0-5l-triumf-glass/1434799
Godispåse Rainbow Sea 95g Malaco,"16,90 kr","0.095kg 177,89 kr/kg",344 kcal,1462 kJ,0 g,0 g,84 g,54 g,0 g,0.18 g,0.11 g,,,,,,,,,,,,,,,,,,,,https://handlaprivatkund.ica.se/stores/1004181/products/godisp%C3%A5se-rainbow-sea-95g-malaco/2141163
Bar Peanut Dark Chocolate 40g BE-KIND,"26,90 kr","0.04kg 672,50 kr/kg",520 kcal,2175 kJ,31 g,7.5 g,35 g,23 g,20 g,0.22 g,6 g,,,,,,,,,,,,,,,,,,,,https://handlaprivatkund.ica.se/stores/1004181/products/bar-peanut-dark-chocolate-40g-be-kind/2051347
Dipmix Sourcream & Onion 24g Estrella,"14,90 kr","0.024kg 620,83 kr/kg",310 kcal,1300 kJ,4.2 g,2.6 g,60 g,36 g,6.5 g,19 g,,,,,,,,,,,,,,,,,,,,,https://handlaprivatkund.ica.se/stores/1004181/products/dipmix-sourcream-onion-24g-estrella/1387127
Dippmix Holiday 26g Estrella,"14,90 kr","0.026kg 573,08 kr/kg",298 kcal,1264 kJ,2.5 g,0.5 g,66 g,31 g,6.4 g,20.8 g,3.5 g,,,,,,,,,,,,,,,,,,,,https://handlaprivatkund.ica.se/stores/1004181/products/dippmix-holiday-26g-estrella/1004154
Glass Sitting Bull 1-p Triumf Glass,"20,90 kr","0.094L 222,34 kr/l",330 kcal,1350 kJ,19 g,8.8 g,35 g,35 g,2.2 g,0.15 g,,,,,,,,,,,,,,,,,,,,,https://handlaprivatkund.ica.se/stores/1004181/products/glass-sitting-bull-1-p-triumf-glass/2086186
Sötmandel 400g ICA Basic,"62,00 kr","0.4kg 155,00 kr/kg",614 kcal,2543 kJ,52 g,4.9 g,13 g,6.6 g,20 g,0.03 g,7.2 g,,,,,,,,,,,,,,,,,,,,https://handlaprivatkund.ica.se/stores/1004181/products/s%C3%B6tmandel-400g-ica-basic/2109464
Wasabinötter 250g Exotic Snacks,"42,90 kr",,460 kcal,1900 kJ,19 g,6.2 g,60 g,23 g,10 g,1 g,2.8 g,,,,,,,,,,,,,,,,,,,,https://handlaprivatkund.ica.se/stores/1004181/products/wasabin%C3%B6tter-250g-exotic-snacks/2090313
Mjölkchoklad 74g Marabou,"31,90 kr","0.074kg 431,08 kr/kg",550 kcal,2290 kJ,32 g,19.5 g,59 g,58.5 g,4.6 g,0.33 g,2 g,,,,,,,,,,,,,,,,,,,,https://handlaprivatkund.ica.se/stores/1004181/products/mj%C3%B6lkchoklad-74g-marabou/1005067
Chips Hot Ranch 275g OLW,"39,90 kr","0.275kg 145,09 kr/kg",520 kcal,2200 kJ,33 g,3.5 g,57 g,3.1 g,5.1 g,1.5 g,,,,,,,,,,,,,,,,,,,,,https://handlaprivatkund.ica.se/stores/1004181/products/chips-hot-ranch-275g-olw/2051330
Lättrostade skalade Pistagenötter 70g ICA Gott Liv,"69,00 kr","0.07kg 985,71 kr/kg",606 kcal,2536 kJ,48 g,6.1 g,21 g,6.8 g,20 g,0 g,3 g,,500 mg,,,,,6.7 mg,158 mg,,,,,,,,,,,,https://handlaprivatkund.ica.se/stores/1004181/products/l%C3%A4ttrostade-skalade-pistagen%C3%B6tter-70g-ica-gott-liv/1484571
Pingvinstång Jordgubb 27g Toms,"7,90 kr","0.027kg 292,59 kr/kg",365 kcal,1548 kJ,2.4 g,2.2 g,84 g,69 g,1.2 g,0.12 g,,,,,,,,,,,,,,,,,,,,,https://handlaprivatkund.ica.se/stores/1004181/products/pingvinst%C3%A5ng-jordgubb-27g-toms/1128785
Chokladsås 300g ICA,"38,90 kr","0.3kg 129,67 kr/kg",315 kcal,1331 kJ,5 g,4.5 g,65 g,34 g,1.5 g,0.3 g,,,,,,,,,,,,,,,,,,,,,https://handlaprivatkund.ica.se/stores/1004181/products/choklads%C3%A5s-300g-ica/1278642
Halstabletter Original Sockerfri 25g Fisherman's Friend,"20,90 kr","0.025kg 836,00 kr/kg",250 kcal,1044 kJ,0.6 g,0.6 g,97 g,1.5 g,0.5 g,0.24 g,0.21 g,91 g,,,,,,,,,,,,,,,,,,,https://handlaprivatkund.ica.se/stores/1004181/products/halstabletter-original-sockerfri-25g-fisherman-s-friend/1001920
Godis Gott & Blandat Original 210g Malaco,"26,90 kr","0.21kg 128,10 kr/kg",351 kcal,1489 kJ,0.3 g,0.2 g,86 g,59 g,0.5 g,0.16 g,,,,,,,,,,,,,,,,,,,,,https://handlaprivatkund.ica.se/stores/1004181/products/godis-gott-blandat-original-210g-malaco/1297807
Godis Happy Cherries Sour 75g Haribo,"13,90 kr","0.075kg 185,33 kr/kg",345 kcal,1465 kJ,0.5 g,0.1 g,80 g,50 g,5.3 g,0.01 g,,,,,,,,,,,,,,,,,,,,,https://handlaprivatkund.ica.se/stores/1004181/products/godis-happy-cherries-sour-75g-haribo/2117683
Chips Gin & tonic LTD 150g Gårdschips,"32,90 kr","0.15kg 219,33 kr/kg",501 kcal,2097 kJ,29 g,1.8 g,49 g,4.4 g,8 g,0.6 g,5.9 g,,,,,,,,,,,,,,,,,,,,https://handlaprivatkund.ica.se/stores/1004181/products/chips-gin-tonic-ltd-150g-g%C3%A5rdschips/2149797
Glass Chunky Monkey 465ml Ben & Jerrys,"80,00 kr","0.465L 172,04 kr/l",278 kcal,1168 kJ,17 g,9.7 g,28 g,27 g,4.1 g,0.15 g,,,,,,,,,,,,,,,,,,,,,https://handlaprivatkund.ica.se/stores/1004181/products/glass-chunky-monkey-465ml-ben-jerrys/2130365
LantChips Gräddfil 200g LantChips,"30,90 kr","0.2kg 154,50 kr/kg",500 kcal,2092 kJ,27 g,2.7 g,56 g,0.8 g,8.3 g,1.2 g,,,,,,,,,,,,,,,,,,,,,https://handlaprivatkund.ica.se/stores/1004181/products/lantchips-gr%C3%A4ddfil-200g-lantchips/2138835
Vår Finaste Choklad Stracciatella 500ml SIA GLASS,"63,00 kr","0.5L 126,00 kr/l",310 kcal,1300 kJ,21 g,13 g,25 g,24 g,3 g,0.2 g,0 g,0 g,,0 µg,0 µg,0 µg,0 µg,,,,,,,,,,,,,,https://handlaprivatkund.ica.se/stores/1004181/products/v%C3%A5r-finaste-choklad-stracciatella-500ml-sia-glass/2109129
Glass Gammeldags Vanilj 500ml GB Gräddglass,"24,90 kr","0.5L 49,80 kr/l",117 kcal,488 kJ,8 g,5.3 g,9.1 g,9.1 g,2 g,0.07 g,,,,,,,,,,,,,,,,,,,,,https://handlaprivatkund.ica.se/stores/1004181/products/glass-gammeldags-vanilj-500ml-gb-gr%C3%A4ddglass/2067304
Chokladstycksak Dumle Crunchy Lakrits 55g Fazer,"19,90 kr","0.055kg 361,82 kr/kg",465 kcal,1949 kJ,22 g,14 g,60 g,49 g,5.6 g,0.64 g,,,,,,,,,,,,,,,,,,,,,https://handlaprivatkund.ica.se/stores/1004181/products/chokladstycksak-dumle-crunchy-lakrits-55g-fazer/2134213
Cashewnötter Salta 100g ICA,"29,90 kr","0.1kg 299,00 kr/kg",619 kcal,2567 kJ,50 g,9.3 g,22 g,5.9 g,19 g,0.68 g,3.8 g,,,,,,,,,,,,,,,,,,,,https://handlaprivatkund.ica.se/stores/1004181/products/cashewn%C3%B6tter-salta-100g-ica/1026234
Aprikoser Torkade 200g ICA,"42,90 kr","0.2kg 214,50 kr/kg",260 kcal,1100 kJ,0.6 g,0 g,56 g,28 g,4.3 g,0 g,5.4 g,,,,,,,,,,,,,,,,,,,,https://handlaprivatkund.ica.se/stores/1004181/products/aprikoser-torkade-200g-ica/1347501
Marsipan bar Cognac 40g Anthon Berg,"17,90 kr","0.04kg 447,50 kr/kg",498 kcal,2083 kJ,26 g,7.7 g,52 g,36 g,8.2 g,0.01 g,,,,,,,,,,,,,,,,,,,,,https://handlaprivatkund.ica.se/stores/1004181/products/marsipan-bar-cognac-40g-anthon-berg/1002307
Vingummin Sour 175g Treatville,"22,90 kr","0.175kg 130,86 kr/kg",338 kcal,1437 kJ,0.5 g,0.1 g,80 g,50 g,4 g,0.16 g,,,,,,,,,,,,,,,,,,,,,https://handlaprivatkund.ica.se/stores/1004181/products/vingummin-sour-175g-treatville/2065035
Skumgodis Foam Fever 70g Tweek,"39,90 kr","0.07kg 570,00 kr/kg",150 kcal,608 kJ,0.91 g,0 g,10.9 g,1.29 g,4.01 g,0.05 g,56 g,7.61 g,,,,,,,,,,,,,,,,,,,https://handlaprivatkund.ica.se/stores/1004181/products/skumgodis-foam-fever-70g-tweek/2127591
Wasabinötter 150g ICA,"26,90 kr","0.15kg 179,33 kr/kg",521 kcal,2182 kJ,32 g,4.6 g,42 g,7.5 g,15 g,2.5 g,4.7 g,,,,,,,,,,,,,,,,,,,,https://handlaprivatkund.ica.se/stores/1004181/products/wasabin%C3%B6tter-150g-ica/2165535
Jordnötter 250g ICA,"25,90 kr","0.25kg 103,60 kr/kg",617 kcal,2555 kJ,51 g,7.9 g,11 g,5.3 g,25 g,0.97 g,,,,,,,,,,,,,,,,,,,,,https://handlaprivatkund.ica.se/stores/1004181/products/jordn%C3%B6tter-250g-ica/1328526
Dessertglass Spectacu-love 465ml Ben & Jerrys,"80,00 kr","0.465L 172,04 kr/l",294 kcal,1233 kJ,19 g,11 g,26 g,22 g,3.8 g,0.23 g,0.5 g,,,,,,,,,,,,,,,,,,,,https://handlaprivatkund.ica.se/stores/1004181/products/dessertglass-spectacu-love-465ml-ben-jerrys/2143313
Glass Jordgubb & Lemon Curd 1.75ml Triumf Glass,"39,00 kr","1.75L 22,29 kr/l",190 kcal,800 kJ,9.6 g,6.3 g,24 g,23 g,3 g,0.19 g,,,,,,,,,,,,,,,,,,,,,https://handlaprivatkund.ica.se/stores/1004181/products/glass-jordgubb-lemon-curd-1-75ml-triumf-glass/2154441
Chokladkaka EXCELLENCE Mint Mörk Choklad 100g Lindt,"55,00 kr","0.1kg 550,00 kr/kg",535 kcal,2230 kJ,32 g,19 g,52 g,47 g,6 g,0.01 g,,,,,,,,,,,,,,,,,,,,,https://handlaprivatkund.ica.se/stores/1004181/products/chokladkaka-excellence-mint-m%C3%B6rk-choklad-100g-lindt/1297776
Salty Liquorice 90g Nellie Dellies,"37,90 kr","0.09kg 421,11 kr/kg",183 kcal,747 kJ,0.5 g,0.1 g,10 g,2.6 g,6.1 g,1.1 g,58 g,0.6 g,,,,,,,,,,,,,,,,,,,https://handlaprivatkund.ica.se/stores/1004181/products/salty-liquorice-90g-nellie-dellies/1493370
Glass Heavenly Chocolate Mjölk och laktosfri Vegansk 750ml Choice,"42,90 kr","0.75L 57,20 kr/l",169 kcal,711 kJ,6.1 g,5.1 g,27 g,16 g,1.6 g,0.29 g,,,,,,,,,,,,,,,,,,,,,https://handlaprivatkund.ica.se/stores/1004181/products/glass-heavenly-chocolate-mj%C3%B6lk-och-laktosfri-vegansk-750ml-choice/2077398
Godispåse Tutti Frutti Remix Sour 150g Fazer,"24,90 kr","0.15kg 166,00 kr/kg",366 kcal,1543 kJ,0.5 g,0 g,91 g,61 g,0.5 g,0.34 g,,,,,,,,,,,,,,,,,,,,,https://handlaprivatkund.ica.se/stores/1004181/products/godisp%C3%A5se-tutti-frutti-remix-sour-150g-fazer/2141188
Skruvar Lättsaltade 100g OLW,"26,90 kr","0.1kg 269,00 kr/kg",490 kcal,2040 kJ,22 g,1.9 g,67 g,1.3 g,3.3 g,1.8 g,,,,,,,,,,,,,,,,,,,,,https://handlaprivatkund.ica.se/stores/1004181/products/skruvar-l%C3%A4ttsaltade-100g-olw/1000975
Goody Raspberry Blueberry 90g Bubs Godis,"15,90 kr","0.09kg 176,67 kr/kg",351 kcal,1468 kJ,0 g,0 g,87 g,61 g,0.4 g,0.1 g,,,,,,,,,,,,,,,,,,,,,https://handlaprivatkund.ica.se/stores/1004181/products/goody-raspberry-blueberry-90g-bubs-godis/2062858
Chokladpåse Non Stop Christmas LTD 150g Marabou,"47,90 kr","0.15kg 319,33 kr/kg",500 kcal,2097 kJ,22 g,13 g,69 g,68 g,5.5 g,0.13 g,2 g,,,,,,,,,,,,,,,,,,,,https://handlaprivatkund.ica.se/stores/1004181/products/chokladp%C3%A5se-non-stop-christmas-ltd-150g-marabou/2166137
Choklad Big taste Japp Peanut caramel 276g Marabou,"66,00 kr","0.276kg 239,13 kr/kg",544 kcal,2269 kJ,33 g,16 g,51 g,48 g,9.2 g,0.41 g,2.3 g,,,,,,,,,,,,,,,,,,,,https://handlaprivatkund.ica.se/stores/1004181/products/choklad-big-taste-japp-peanut-caramel-276g-marabou/2018563
S-märken Sura 70g Candypeople,"16,90 kr","0.07kg 241,43 kr/kg",370 kcal,1550 kJ,0 g,0 g,85 g,79 g,3 g,0.1 g,,,,,,,,,,,,,,,,,,,,,https://handlaprivatkund.ica.se/stores/1004181/products/s-m%C3%A4rken-sura-70g-candypeople/1499448
Kexchoklad 60g Cloetta,"14,90 kr","0.06kg 248,33 kr/kg",502 kcal,2106 kJ,24 g,14 g,61 g,42 g,9.7 g,0.41 g,,,,,,,,,,,,,,,,,,,,,https://handlaprivatkund.ica.se/stores/1004181/products/kexchoklad-60g-cloetta/1487409
Halstablett Blue Extra Strong sockerfri 72g Vicks,"27,90 kr","0.072kg 387,50 kr/kg",236 kcal,985 kJ,0 g,0 g,99 g,0 g,0 g,0 g,,,,,,,,,,,,,,,,,,,,,https://handlaprivatkund.ica.se/stores/1004181/products/halstablett-blue-extra-strong-sockerfri-72g-vicks/1528034
Glass Chocolate & Vanilla Half Baked 465ml Ben & Jerrys,"80,00 kr","0.465L 172,04 kr/l",265 kcal,1111 kJ,13 g,8.1 g,32 g,27 g,4.2 g,0.21 g,1.3 g,,,,,,,,,,,,,,,,,,,,https://handlaprivatkund.ica.se/stores/1004181/products/glass-chocolate-vanilla-half-baked-465ml-ben-jerrys/2054683
Tuggummi Professional Strong mint 29g Extra,"22,90 kr","0.029kg 789,66 kr/kg",147 kcal,614 kJ,0 g,0 g,61 g,0 g,0 g,0 g,,61 g,,,,,,,,,,,,,,,,,,,https://handlaprivatkund.ica.se/stores/1004181/products/tuggummi-professional-strong-mint-29g-extra/1284149
Gräddglass Choklad 500ml SIA Glass,"24,90 kr","0.5L 49,80 kr/l",250 kcal,1050 kJ,13 g,6.3 g,27 g,26 g,4.7 g,0.1 g,0 g,0 g,,0 µg,0 µg,0 µg,0 µg,,,,,,,,,,,,,,https://handlaprivatkund.ica.se/stores/1004181/products/gr%C3%A4ddglass-choklad-500ml-sia-glass/1008927
Sötpotatischips 100g ICA I love eco,"36,90 kr","0.1kg 369,00 kr/kg",537 kcal,2235 kJ,39 g,3.3 g,39 g,22 g,9.1 g,1.4 g,,,,,,,,,,,,,,,,,,,,,https://handlaprivatkund.ica.se/stores/1004181/products/s%C3%B6tpotatischips-100g-ica-i-love-eco/2075230
Dipmix Ranch 24g Estrella,"14,90 kr","0.024kg 620,83 kr/kg",325 kcal,1360 kJ,2.9 g,1.3 g,65 g,32 g,7.3 g,15.7 g,,,,,,,,,,,,,,,,,,,,,https://handlaprivatkund.ica.se/stores/1004181/products/dipmix-ranch-24g-estrella/1485218
Majskoner Choklad Smash 100g OLW,"40,90 kr","0.1kg 409,00 kr/kg",540 kcal,2240 kJ,33 g,17 g,52 g,39 g,8.1 g,0.87 g,,,,,,,,,,,,,,,,,,,,,https://handlaprivatkund.ica.se/stores/1004181/products/majskoner-choklad-smash-100g-olw/2004857
Chips Sour Cream & Onion 165g Pringles,"43,90 kr","0.165kg 266,06 kr/kg",525 kcal,2191 kJ,30 g,6.4 g,56 g,2.7 g,6 g,1.3 g,3.4 g,,,,,,,,,,,,,,,,,,,,https://handlaprivatkund.ica.se/stores/1004181/products/chips-sour-cream-onion-165g-pringles/2125907
Chilinötter Heta 150g ICA,"30,90 kr","0.15kg 206,00 kr/kg",,,,,,,,,,,,,,,,,,,,,,,,,,,,,https://handlaprivatkund.ica.se/stores/1004181/products/chilin%C3%B6tter-heta-150g-ica/1405593
Dippmix Ranch 24g OLW,"13,90 kr","0.024kg 579,17 kr/kg",340 kcal,1450 kJ,6.1 g,3.7 g,61 g,40 g,8.9 g,15.3 g,,,,,,,,,,,,,,,,,,,,,https://handlaprivatkund.ica.se/stores/1004181/products/dippmix-ranch-24g-olw/1519730
Glass Sweet Mango Memories 465ml Ben & Jerrys,"80,00 kr","0.465L 172,04 kr/l",255 kcal,1071 kJ,15 g,10 g,26 g,24 g,3.6 g,0.14 g,0.5 g,,,,,,,,,,,,,,,,,,,,https://handlaprivatkund.ica.se/stores/1004181/products/glass-sweet-mango-memories-465ml-ben-jerrys/2153943
Tuggummi Sockerfri AIR RUSH Menthol/Spearmint 30g Stimorol,"22,90 kr","0.03kg 763,33 kr/kg",154 kcal,642 kJ,0.2 g,0.1 g,61 g,0.1 g,0.4 g,0.04 g,,61 g,,,,,,,,,,,,,,,,,,,https://handlaprivatkund.ica.se/stores/1004181/products/tuggummi-sockerfri-air-rush-menthol-spearmint-30g-stimorol/2150712
Potatischips Brynt smör & rödlök 150g Gårdschips,"33,90 kr","0.15kg 226,00 kr/kg",503 kcal,2104 kJ,30 g,2.2 g,47.2 g,2.3 g,8.3 g,1.2 g,6.1 g,,,,,,,,,,,,,,,,,,,,https://handlaprivatkund.ica.se/stores/1004181/products/potatischips-brynt-sm%C3%B6r-r%C3%B6dl%C3%B6k-150g-g%C3%A5rdschips/2090761
Chokladask Aladdin 410g Marabou,"159,00 kr","0.41kg 387,80 kr/kg",524 kcal,2187 kJ,30 g,16 g,58 g,54 g,4 g,0.25 g,3.1 g,,,,,,,,,,,,,,,,,,,,https://handlaprivatkund.ica.se/stores/1004181/products/chokladask-aladdin-410g-marabou/2166135
Dippmix Fresh island 24g OLW,"13,90 kr","0.024kg 579,17 kr/kg",300 kcal,1250 kJ,1.3 g,0.3 g,57 g,24 g,11 g,17.6 g,,,,,,,,,,,,,,,,,,,,,https://handlaprivatkund.ica.se/stores/1004181/products/dippmix-fresh-island-24g-olw/1519731
Ostcrunch Cheddar Sour cream & Onion 200g Estrella,"41,90 kr","0.2kg 209,50 kr/kg",477 kcal,1991 kJ,28 g,4.8 g,45 g,2.5 g,9.9 g,1.8 g,2.4 g,,,,,,,,,,,,,,,,,,,,https://handlaprivatkund.ica.se/stores/1004181/products/ostcrunch-cheddar-sour-cream-onion-200g-estrella/2138822
Pim Pim 20g,"8,90 kr","0.02kg 445,00 kr/kg",359 kcal,1525 kJ,0.3 g,0.2 g,80 g,65 g,6.8 g,0.06 g,,,,,,,,,,,,,,,,,,,,,https://handlaprivatkund.ica.se/stores/1004181/products/pim-pim-20g/1004567
Chokladpåse Never Stop Crunchy Corn 110g Marabou,"47,90 kr","0.11kg 435,45 kr/kg",523 kcal,2186 kJ,29 g,15 g,57 g,56 g,7.7 g,0.55 g,3.2 g,,,,,,,,,,,,,,,,,,,,https://handlaprivatkund.ica.se/stores/1004181/products/chokladp%C3%A5se-never-stop-crunchy-corn-110g-marabou/2159035
Japansk mix 200g Exotic Snacks,"49,90 kr",,,,,,,,,,,,,,,,,,,,,,,,,,,,,,https://handlaprivatkund.ica.se/stores/1004181/products/japansk-mix-200g-exotic-snacks/2090318
Godispåse Fizzypop 85g Malaco,"16,90 kr","0.085kg 198,82 kr/kg",336 kcal,1427 kJ,0.5 g,0.5 g,77 g,65 g,4.6 g,1.05 g,,,,,,,,,,,,,,,,,,,,,https://handlaprivatkund.ica.se/stores/1004181/products/godisp%C3%A5se-fizzypop-85g-malaco/2127774
Halstabletter Extra starka Original 80g Karamellpojkarna,"16,90 kr","0.08kg 211,25 kr/kg",388 kcal,1649 kJ,0 g,0 g,97 g,97 g,0 g,0 g,,,,,,,,,,,,,,,,,,,,,https://handlaprivatkund.ica.se/stores/1004181/products/halstabletter-extra-starka-original-80g-karamellpojkarna/1377142
Spröda ringar Sourcream & onion 85g OLW,"25,90 kr","0.085kg 304,71 kr/kg",520 kcal,2200 kJ,27 g,3 g,61 g,6.2 g,7.9 g,1.9 g,,,,,,,,,,,,,,,,,,,,,https://handlaprivatkund.ica.se/stores/1004181/products/spr%C3%B6da-ringar-sourcream-onion-85g-olw/2126259
Cashewnötter Naturella 400g Exotic Snacks,"109,00 kr","0.4kg 272,50 kr/kg",590 kcal,2500 kJ,46 g,8 g,22 g,5 g,18 g,0.04 g,6 g,,,,,,,5 mg,,4.7 mg,28 g,9 g,,,,,,,,,https://handlaprivatkund.ica.se/stores/1004181/products/cashewn%C3%B6tter-naturella-400g-exotic-snacks/1394606
Gräddglass Vanilj utan tillsatt socker 750ml SIA Glass,"49,90 kr","0.75L 66,53 kr/l",190 kcal,800 kJ,12 g,7.8 g,14 g,6 g,3.8 g,0.1 g,8.9 g,,,0 µg,0 µg,0 µg,0 µg,,,,,,,,,,,,,,https://handlaprivatkund.ica.se/stores/1004181/products/gr%C3%A4ddglass-vanilj-utan-tillsatt-socker-750ml-sia-glass/2086115
Noblesse Apelsin Crisp 150g Marabou,"69,00 kr","0.15kg 460,00 kr/kg",558 kcal,2336 kJ,35 g,21 g,55 g,50 g,4.7 g,0.35 g,2.3 g,,,,,,,,,,,,,,,,,,,,https://handlaprivatkund.ica.se/stores/1004181/products/noblesse-apelsin-crisp-150g-marabou/1006876
Chokladkaka Salta Mandlar 100g Ritter,"35,90 kr","0.1kg 359,00 kr/kg",563 kcal,2346 kJ,35 g,15 g,50 g,48 g,9 g,0.26 g,,,,,,,,,,,,,,,,,,,,,https://handlaprivatkund.ica.se/stores/1004181/products/chokladkaka-salta-mandlar-100g-ritter/2084383
Jordnöt & nötmix 175g ICA gott liv,"52,00 kr","0.175kg 297,14 kr/kg",620 kcal,2600 kJ,52 g,8 g,17 g,6 g,19 g,0.29 g,4.6 g,,,,,,,,,,,,,,,,,,,,https://handlaprivatkund.ica.se/stores/1004181/products/jordn%C3%B6t-n%C3%B6tmix-175g-ica-gott-liv/1383752
Chokladkaka Mjölkchoklad 145g Fazer,"42,90 kr","0.145kg 295,86 kr/kg",550 kcal,2260 kJ,33 g,21 g,49 g,48 g,11 g,0.35 g,,,,,,,,,,,,,,,,,,,,,https://handlaprivatkund.ica.se/stores/1004181/products/chokladkaka-mj%C3%B6lkchoklad-145g-fazer/2033664
Pingvinstång Tivoli 27g Toms,"7,90 kr","0.027kg 292,59 kr/kg",375 kcal,1568 kJ,3.2 g,3 g,84 g,69 g,1.2 g,0.19 g,,,,,,,,,,,,,,,,,,,,,https://handlaprivatkund.ica.se/stores/1004181/products/pingvinst%C3%A5ng-tivoli-27g-toms/1128782
Torkad frukt Sweet Strawberry Mango 100g Sunshine Delights,"37,90 kr","0.1kg 379,00 kr/kg",334 kcal,1403 kJ,0.7 g,0.2 g,78 g,69 g,1.8 g,0.23 g,4.1 g,,,,,,,,,,,,,,,,,,,,https://handlaprivatkund.ica.se/stores/1004181/products/torkad-frukt-sweet-strawberry-mango-100g-sunshine-delights/2165780
Piggelin 10-p 550ml GB Glace,"56,00 kr","10 per frp 5,60 kr/st",50 kcal,210 kJ,0.5 g,0.1 g,12 g,12 g,0.5 g,0.01 g,0.5 g,,,,,,,,,,,,,,,,,,,,https://handlaprivatkund.ica.se/stores/1004181/products/piggelin-10-p-550ml-gb-glace/2094359
Tuggummi Melon mint Burk 84g Extra,"56,00 kr","0.084kg 666,67 kr/kg",165 kcal,689 kJ,0 g,0 g,69 g,0 g,0 g,0.05 g,,69 g,,,,,,,,,,,,,,,,,,,https://handlaprivatkund.ica.se/stores/1004181/products/tuggummi-melon-mint-burk-84g-extra/1508885
Chips Dill & Gräslök 275g OLW,"39,90 kr","0.275kg 145,09 kr/kg",520 kcal,2200 kJ,33 g,3.4 g,58 g,2.5 g,5 g,1.9 g,,,,,,,,,,,,,,,,,,,,,https://handlaprivatkund.ica.se/stores/1004181/products/chips-dill-gr%C3%A4sl%C3%B6k-275g-olw/1490341
Nötter Festivalmix 175g Nutisal,"42,90 kr","0.175kg 245,14 kr/kg",551 kcal,2289 kJ,39 g,6 g,31 g,7.8 g,17 g,1.5 g,6 g,,,,,,,,,,22 g,7.9 g,,,,,,,,,https://handlaprivatkund.ica.se/stores/1004181/products/n%C3%B6tter-festivalmix-175g-nutisal/1484452
Dadlar Sweet Peach 125g Dave & Jon's,"29,90 kr","0.125kg 239,20 kr/kg",327 kcal,1368 kJ,3 g,1.8 g,66.7 g,53.7 g,2.2 g,0 g,10.8 g,,,,,,,,,,,,,,,,,,,,https://handlaprivatkund.ica.se/stores/1004181/products/dadlar-sweet-peach-125g-dave-jon-s/2105038
Sockerpåsar Tyrkisk Peber Super Salty 80g Fazer,"16,90 kr","0.08kg 211,25 kr/kg",325 kcal,1366 kJ,0.5 g,0 g,77 g,54 g,3.5 g,2.75 g,,,,,,,,,,,,,,,,,,,,,https://handlaprivatkund.ica.se/stores/1004181/products/sockerp%C3%A5sar-tyrkisk-peber-super-salty-80g-fazer/2166472
Halstabletter Extra Starka Original Sockerfri 60g Karamellpojkarna,"15,90 kr","0.06kg 265,00 kr/kg",230 kcal,960 kJ,0 g,0 g,96 g,0 g,0 g,0 g,,96 g,,,,,,,,,,,,,,,,,,,https://handlaprivatkund.ica.se/stores/1004181/products/halstabletter-extra-starka-original-sockerfri-60g-karamellpojkarna/1377122
Chokladkaka Mjölkchoklad Oreo 160g Marabou,"38,90 kr","0.16kg 243,13 kr/kg",517 kcal,2248 kJ,30 g,17 g,60 g,55 g,4.7 g,0.32 g,2.1 g,,,,,,,,,,,,,,,,,,,,https://handlaprivatkund.ica.se/stores/1004181/products/chokladkaka-mj%C3%B6lkchoklad-oreo-160g-marabou/2166159
Sockerfritt Tuggummi Professional White 84g Extra,"56,00 kr","0.084kg 666,67 kr/kg",145 kcal,604 kJ,0 g,0 g,60 g,0 g,0 g,0.06 g,,60 g,,,,,,,,,,,,,,,,,,,https://handlaprivatkund.ica.se/stores/1004181/products/sockerfritt-tuggummi-professional-white-84g-extra/1527742
Tuggummi Superberries 29g Extra,"24,90 kr","0.029kg 858,62 kr/kg",168 kcal,702 kJ,0 g,0 g,70 g,0 g,0 g,0 g,,70 g,,,,,,,,,,,,,,,,,,,https://handlaprivatkund.ica.se/stores/1004181/products/tuggummi-superberries-29g-extra/2159029
Chips Hot Chili Cheddar 275g Olw,"39,90 kr","0.275kg 145,09 kr/kg",530 kcal,2200 kJ,33 g,2.7 g,47 g,2.2 g,7.1 g,1.4 g,,,,,,,,,,,,,,,,,,,,,https://handlaprivatkund.ica.se/stores/1004181/products/chips-hot-chili-cheddar-275g-olw/2116482
Dippmix Sweet chili 26g OLW,"13,90 kr","0.026kg 534,62 kr/kg",350 kcal,1500 kJ,1.2 g,0.2 g,82 g,49 g,2.9 g,9.1 g,,,,,,,,,,,,,,,,,,,,,https://handlaprivatkund.ica.se/stores/1004181/products/dippmix-sweet-chili-26g-olw/1519603
Godis Soda Straws Zourr 90g Haribo,"22,90 kr","0.09kg 254,44 kr/kg",374 kcal,1586 kJ,3.5 g,2.3 g,83 g,61 g,1.1 g,0.26 g,,,,,,,,,,,,,,,,,,,,,https://handlaprivatkund.ica.se/stores/1004181/products/godis-soda-straws-zourr-90g-haribo/2111840
Godispåse Tutti Frutti Sur Melon 90g Fazer,"16,90 kr","0.09kg 187,78 kr/kg",368 kcal,1552 kJ,0.5 g,0.5 g,91 g,63 g,0.5 g,0.29 g,,,,,,,,,,,,,,,,,,,,,https://handlaprivatkund.ica.se/stores/1004181/products/godisp%C3%A5se-tutti-frutti-sur-melon-90g-fazer/2159040
Nötmix 180g ICA Gott Liv,"62,00 kr","0.18kg 344,44 kr/kg",675 kcal,2787 kJ,63 g,9.4 g,4.9 g,2.6 g,17 g,0.01 g,7 g,,,,,,,,,,,,,,,,,,,,https://handlaprivatkund.ica.se/stores/1004181/products/n%C3%B6tmix-180g-ica-gott-liv/1383730
Chokladask Finest selection Grön 250g Merci,"94,00 kr","0.25kg 376,00 kr/kg",568 kcal,2367 kJ,37.2 g,19.1 g,46.9 g,44.5 g,9.6 g,0.24 g,,,,,,,,,,,,,,,,,,,,,https://handlaprivatkund.ica.se/stores/1004181/products/chokladask-finest-selection-gr%C3%B6n-250g-merci/1454975
Potatischips Chips Vitlök/Gräddfil 275g OLW,"39,90 kr","0.275kg 145,09 kr/kg",520 kcal,2200 kJ,33 g,2.6 g,47 g,2.8 g,7.3 g,1.4 g,,,,,,,,,,,,,,,,,,,,,https://handlaprivatkund.ica.se/stores/1004181/products/potatischips-chips-vitl%C3%B6k-gr%C3%A4ddfil-275g-olw/2165276
Godispåse Ferrari Sur Citron/Lime 120g Toms,"21,90 kr","0.12kg 182,50 kr/kg",364 kcal,1546 kJ,0.5 g,0.1 g,86 g,60 g,2.8 g,0.01 g,,,,,,,,,,,,,,,,,,,,,https://handlaprivatkund.ica.se/stores/1004181/products/godisp%C3%A5se-ferrari-sur-citron-lime-120g-toms/2157952
Glass Sandwich 6-p ICA,"53,00 kr","6 per frp 8,83 kr/st",319 kcal,1342 kJ,12 g,9.2 g,47 g,24 g,5.1 g,0.24 g,,,,,,,,,,,,,,,,,,,,,https://handlaprivatkund.ica.se/stores/1004181/products/glass-sandwich-6-p-ica/2076117
Glass Sandwich original 6-p GB Glace,"61,00 kr","6 per frp 10,17 kr/st",187 kcal,785 kJ,7.3 g,6.7 g,27 g,16 g,3.1 g,0.29 g,,,,,,,,,,,,,,,,,,,,,https://handlaprivatkund.ica.se/stores/1004181/products/glass-sandwich-original-6-p-gb-glace/1330572
Chilinötter klassiska 150g OLW,"36,90 kr","0.15kg 246,00 kr/kg",527 kcal,2194 kJ,33 g,4 g,41 g,5.9 g,14 g,2.4 g,,,,,,,,,,,,,,,,,,,,,https://handlaprivatkund.ica.se/stores/1004181/products/chilin%C3%B6tter-klassiska-150g-olw/2051286
Noblesse Havssalt Crisp150g Marabou,"69,00 kr","0.15kg 460,00 kr/kg",558 kcal,2326 kJ,35 g,21 g,55 g,50 g,4.7 g,0.62 g,2.3 g,,,,,,,,,,,,,,,,,,,,https://handlaprivatkund.ica.se/stores/1004181/products/noblesse-havssalt-crisp150g-marabou/2039404
Tuggummi Extra Professional White Citrus 29g Extra,"20,90 kr","0.029kg 720,69 kr/kg",,,,,,,,,,,,,,,,,,,,,,,,,,,,,https://handlaprivatkund.ica.se/stores/1004181/products/tuggummi-extra-professional-white-citrus-29g-extra/1383588
Pistaschnötter Salta 100g ICA,"38,90 kr","0.1kg 389,00 kr/kg",577 kcal,2391 kJ,45 g,5.6 g,17 g,7.7 g,21 g,1.2 g,10 g,,,,,,,,,,,,,,,,,,,,https://handlaprivatkund.ica.se/stores/1004181/products/pistaschn%C3%B6tter-salta-100g-ica/1026233
Chokladpralin Lindor Bag Assorted 137g Lindt,"77,00 kr","0.137kg 562,04 kr/kg",640 kcal,2652 kJ,51 g,36 g,41 g,40 g,4.8 g,0.15 g,,,,,,,,,,,,,,,,,,,,,https://handlaprivatkund.ica.se/stores/1004181/products/chokladpralin-lindor-bag-assorted-137g-lindt/2079637
Glass Salted Caramel Brownie Peaces 160ml Ben & Jerrys,"72,00 kr","0.16L 450,00 kr/l",391 kcal,1635 kJ,25 g,9.3 g,36 g,31 g,4.4 g,0.28 g,,,,,,,,,,,,,,,,,,,,,https://handlaprivatkund.ica.se/stores/1004181/products/glass-salted-caramel-brownie-peaces-160ml-ben-jerrys/2143312
Chokladkaka EXCELLENCE Havssalt Mörk Choklad 100g Lindt,"55,00 kr","0.1kg 550,00 kr/kg",529 kcal,2205 kJ,32 g,20 g,50 g,48 g,6.2 g,0.31 g,,,,,,,,,,,,,,,,,,,,,https://handlaprivatkund.ica.se/stores/1004181/products/chokladkaka-excellence-havssalt-m%C3%B6rk-choklad-100g-lindt/1348653
Vår egna Nötmix med Bär 200g OLW,"44,90 kr","0.2kg 224,50 kr/kg",550 kcal,2350 kJ,39 g,7.4 g,30 g,19 g,20 g,0.8 g,,,,,,,,,,,,,,,,,,,,,https://handlaprivatkund.ica.se/stores/1004181/products/v%C3%A5r-egna-n%C3%B6tmix-med-b%C3%A4r-200g-olw/1490330
Center Dubbel 50g Cloetta,"15,90 kr","0.05kg 318,00 kr/kg",481 kcal,2024 kJ,23 g,15 g,63 g,48 g,4.1 g,0.42 g,,,,,,,,,,,,,,,,,,,,,https://handlaprivatkund.ica.se/stores/1004181/products/center-dubbel-50g-cloetta/1363634
Torrostade Jordnötter 200g OLW,"37,90 kr","0.2kg 189,50 kr/kg",595 kcal,2466 kJ,47 g,7 g,11 g,6 g,28 g,1.8 g,,,,,,,,,,,,,,,,,,,,,https://handlaprivatkund.ica.se/stores/1004181/products/torrostade-jordn%C3%B6tter-200g-olw/1001943
Chokladkaka Kina Rispuffar 125g Fazer,"42,90 kr","0.125kg 343,20 kr/kg",525 kcal,2194 kJ,30 g,18 g,52 g,48 g,10 g,0.43 g,,,,,,,,,,,,,,,,,,,,,https://handlaprivatkund.ica.se/stores/1004181/products/chokladkaka-kina-rispuffar-125g-fazer/2075410
Tuggummi sockerfri Intence Mint 30g Stimorol,"22,90 kr","0.03kg 763,33 kr/kg",170 kcal,708 kJ,0.3 g,0.1 g,67 g,0.1 g,0.5 g,0.04 g,,66 g,,,,,,,,,,,,,,,,,,,https://handlaprivatkund.ica.se/stores/1004181/products/tuggummi-sockerfri-intence-mint-30g-stimorol/2150717
Gammaldags gräddglass Mandelkrokant 1.75L Triumf Glass,"39,00 kr","1.75L 22,29 kr/l",200 kcal,850 kJ,9.4 g,6.1 g,26 g,26 g,2.9 g,0.18 g,,,,,,,,,,,,,,,,,,,,,https://handlaprivatkund.ica.se/stores/1004181/products/gammaldags-gr%C3%A4ddglass-mandelkrokant-1-75l-triumf-glass/2101625
Mangoskivor Torkade 90g ICA,"42,90 kr","0.09kg 476,67 kr/kg",320 kcal,1354 kJ,0.7 g,0.7 g,70 g,62 g,2.5 g,0.2 g,12 g,,,,,,,,,,,,,,,,,,,,https://handlaprivatkund.ica.se/stores/1004181/products/mangoskivor-torkade-90g-ica/1374727
Vit Choklad Kitkat 4-finger 41.5g Nestle,"14,90 kr","0.0415kg 359,04 kr/kg",515 kcal,2156 kJ,25.9 g,14.6 g,62.9 g,47.3 g,6.8 g,0.24 g,0.8 g,,,,,,,,,,,,,,,,,,,,https://handlaprivatkund.ica.se/stores/1004181/products/vit-choklad-kitkat-4-finger-41-5g-nestle/2128030
Chokladkaka Havssalt 160g Marabou,"38,90 kr","0.16kg 243,13 kr/kg",546 kcal,2280 kJ,32 g,19 g,59 g,58 g,4.6 g,0.6 g,2 g,,,,,,,,,,,,,,,,,,,,https://handlaprivatkund.ica.se/stores/1004181/products/chokladkaka-havssalt-160g-marabou/2166160
Plopp 80g Cloetta,"24,90 kr","0.08kg 311,25 kr/kg",490 kcal,2061 kJ,24 g,15 g,62 g,51 g,4.4 g,0.39 g,,,,,,,,,,,,,,,,,,,,,https://handlaprivatkund.ica.se/stores/1004181/products/plopp-80g-cloetta/1002458
Godis Winegums Duo 175g Treatville,"22,90 kr","0.175kg 130,86 kr/kg",334 kcal,1418 kJ,0.5 g,0.3 g,78 g,48 g,4.3 g,0.03 g,,,,,,,,,,,,,,,,,,,,,https://handlaprivatkund.ica.se/stores/1004181/products/godis-winegums-duo-175g-treatville/2107869
Glasspinne Mini mumsbit Jordgubb choklad & mandel 12-p 420g ICA,"61,00 kr","12 per frp 5,08 kr/st",342 kcal,1427 kJ,21 g,14 g,35 g,34 g,3.7 g,0.27 g,,,,,,,,,,,,,,,,,,,,,https://handlaprivatkund.ica.se/stores/1004181/products/glasspinne-mini-mumsbit-jordgubb-choklad-mandel-12-p-420g-ica/1409340
Citronsorbet 500ml Triumf Glass,"24,90 kr","0.5L 49,80 kr/l",130 kcal,550 kJ,0.5 g,0.5 g,32 g,28 g,0.5 g,0.02 g,,,,,,,,,,,,,,,,,,,,,https://handlaprivatkund.ica.se/stores/1004181/products/citronsorbet-500ml-triumf-glass/2109092
Dippmix Chili Cheese 24g Redhead,"14,90 kr","0.24kg 62,08 kr/kg",328 kcal,1371 kJ,5.7 g,3.3 g,59 g,29 g,9 g,16.7 g,1.5 g,,,,,,,,,,,,,,,,,,,,https://handlaprivatkund.ica.se/stores/1004181/products/dippmix-chili-cheese-24g-redhead/2165620
Tuggummi White Sweet mint 29g Extra,"22,90 kr","0.029kg 789,66 kr/kg",155 kcal,647 kJ,0 g,0 g,65 g,0 g,0 g,0.06 g,,65 g,,,,,,,,,,,,,,,,,,,https://handlaprivatkund.ica.se/stores/1004181/products/tuggummi-white-sweet-mint-29g-extra/2024118
Gräddglass Churros 500ml Triumf Glass,"22,90 kr","0.5L 45,80 kr/l",220 kcal,950 kJ,12 g,7.5 g,26 g,22 g,3.2 g,0.2 g,,,,,,,,,,,,,,,,,,,,,https://handlaprivatkund.ica.se/stores/1004181/products/gr%C3%A4ddglass-churros-500ml-triumf-glass/2130079
Glasspinne Gold Caramel 85ml Magnum,"34,90 kr",,325 kcal,1357 kJ,17 g,12 g,38 g,29 g,4.4 g,0.33 g,,,,,,,,,,,,,,,,,,,,,https://handlaprivatkund.ica.se/stores/1004181/products/glasspinne-gold-caramel-85ml-magnum/2077268
Potatischips Chips Brynt smör/Ramslök 275g Olw,"39,90 kr","0.275kg 145,09 kr/kg",520 kcal,2150 kJ,32 g,2.6 g,48 g,3.2 g,7.2 g,1.3 g,,,,,,,,,,,,,,,,,,,,,https://handlaprivatkund.ica.se/stores/1004181/products/potatischips-chips-brynt-sm%C3%B6r-ramsl%C3%B6k-275g-olw/2138828
Dadlar färska 400g Klass 1 ICA I love eco,"61,00 kr","0.4kg 152,50 kr/kg",,,,,,,,,,,,,,,,,,,,,,,,,,,,,https://handlaprivatkund.ica.se/stores/1004181/products/dadlar-f%C3%A4rska-400g-klass-1-ica-i-love-eco/2049004
Chokladkaka Mintkrokant 160g Marabou,"38,90 kr","0.16kg 243,13 kr/kg",544 kcal,2270 kJ,32 g,18 g,60 g,59 g,3.9 g,0.46 g,1.6 g,,,,,,,,,,,,,,,,,,,,https://handlaprivatkund.ica.se/stores/1004181/products/chokladkaka-mintkrokant-160g-marabou/2166171
Chokladkaka Rocher Dark 90g Ferrero,"36,90 kr","0.09kg 410,00 kr/kg",599 kcal,2489 kJ,43.7 g,22.4 g,42.2 g,39.6 g,6.4 g,0.086 g,,,,,,,,,,,,,,,,,,,,,https://handlaprivatkund.ica.se/stores/1004181/products/chokladkaka-rocher-dark-90g-ferrero/2117692
Goldbären 80g Haribo,"13,90 kr","0.08kg 173,75 kr/kg",343 kcal,1459 kJ,0.5 g,0.1 g,77 g,46 g,6.9 g,0.07 g,,,,,,,,,,,,,,,,,,,,,https://handlaprivatkund.ica.se/stores/1004181/products/goldb%C3%A4ren-80g-haribo/1368329
Potatischips Mozzarella & Balsamico 150g Gårdschips,"33,90 kr","0.15kg 226,00 kr/kg",502 kcal,2101 kJ,30 g,2.2 g,47.2 g,2.8 g,8.4 g,1.3 g,5.8 g,,,,,,,,,,,,,,,,,,,,https://handlaprivatkund.ica.se/stores/1004181/products/potatischips-mozzarella-balsamico-150g-g%C3%A5rdschips/2105046
Potatischips Brynt Smör & Dill 150g Gårdschips,"32,90 kr","0.15kg 219,33 kr/kg",503 kcal,2105 kJ,30 g,2.3 g,47.4 g,3.1 g,8.3 g,1.2 g,5.9 g,,,,,,,,,,,,,,,,,,,,https://handlaprivatkund.ica.se/stores/1004181/products/potatischips-brynt-sm%C3%B6r-dill-150g-g%C3%A5rdschips/2074312
Torkad Persika 200g Sunshine Delights,"60,00 kr","0.2kg 300,00 kr/kg",332 kcal,1408 kJ,0 g,0 g,81 g,77 g,0.6 g,0.06 g,2.6 g,,,,,,,,,,,,,,,,,,,,https://handlaprivatkund.ica.se/stores/1004181/products/torkad-persika-200g-sunshine-delights/2125895
Chips Raspberry Sour LTD 150g Gårdschips,"32,90 kr","0.15kg 219,33 kr/kg",499 kcal,2087 kJ,29 g,1.8 g,48 g,3.8 g,7.8 g,1.2 g,5.8 g,,,,,,,,,,,,,,,,,,,,https://handlaprivatkund.ica.se/stores/1004181/products/chips-raspberry-sour-ltd-150g-g%C3%A5rdschips/2149798
Mjölkchoklad 180g Tony's Chocolonely,"67,00 kr","0.18kg 372,22 kr/kg",545 kcal,2280 kJ,33 g,20 g,52 g,51 g,7.7 g,0.21 g,,,,,,,,,,,,,,,,,,,,,https://handlaprivatkund.ica.se/stores/1004181/products/mj%C3%B6lkchoklad-180g-tony-s-chocolonely/2096160
Chips Chipotle Black pepper 150g Johnnys,"40,90 kr","0.15kg 272,67 kr/kg",480 kcal,2000 kJ,26 g,2.6 g,55 g,1.1 g,8.5 g,2.2 g,,,,,,,,,,,,,,,,,,,,,https://handlaprivatkund.ica.se/stores/1004181/products/chips-chipotle-black-pepper-150g-johnnys/2149668
Marshmallows 300g Treatville,"30,90 kr","0.3kg 103,00 kr/kg",320 kcal,1350 kJ,0 g,0 g,75 g,62 g,5.5 g,0.03 g,,,,,,,,,,,,,,,,,,,,,https://handlaprivatkund.ica.se/stores/1004181/products/marshmallows-300g-treatville/2044068
Daim Dubbel 56g Marabou,"17,90 kr","0.056kg 319,64 kr/kg",545 kcal,2275 kJ,32 g,17 g,61 g,61 g,2.9 g,0.86 g,1.2 g,,,,,,,,,,,,,,,,,,,,https://handlaprivatkund.ica.se/stores/1004181/products/daim-dubbel-56g-marabou/1004570
Chokladkaka Mörk Hasselnöt 100g Ritter,"35,90 kr","0.1kg 359,00 kr/kg",577 kcal,2395 kJ,41 g,16 g,39 g,37 g,8.4 g,0.01 g,,,,,,,,,,,,,,,,,,,,,https://handlaprivatkund.ica.se/stores/1004181/products/chokladkaka-m%C3%B6rk-hasseln%C3%B6t-100g-ritter/2084382
Bananglass Oh My Banoffee Pie 257ml Ben & Jerrys,"80,00 kr","0.427L 187,35 kr/l",246 kcal,1032 kJ,13 g,7.8 g,29 g,24 g,2.6 g,0.27 g,,,,,,,,,,,,,,,,,,,,,https://handlaprivatkund.ica.se/stores/1004181/products/bananglass-oh-my-banoffee-pie-257ml-ben-jerrys/2093693
Vannilla Pecan Blondie 465ml Ben & Jerrys,"80,00 kr","0.465L 172,04 kr/l",266 kcal,1115 kJ,16 g,8.9 g,27 g,25 g,4.1 g,0.35 g,,,,,,,,,,,,,,,,,,,,,https://handlaprivatkund.ica.se/stores/1004181/products/vannilla-pecan-blondie-465ml-ben-jerrys/2120567
Utopia Double Cherry Glasspinne 1-p Magnum,"34,90 kr",,299 kcal,1252 kJ,14 g,9.6 g,38 g,29 g,2.8 g,0.15 g,1.7 g,,,,,,,,,,,,,,,,,,,,https://handlaprivatkund.ica.se/stores/1004181/products/utopia-double-cherry-glasspinne-1-p-magnum/2154454
Dippmix Tortilla 28g Estrella,"14,90 kr","0.028kg 532,14 kr/kg",310 kcal,1290 kJ,3.4 g,0.6 g,57 g,22 g,7.8 g,10 g,,,,,,,,,,,,,,,,,,,,,https://handlaprivatkund.ica.se/stores/1004181/products/dippmix-tortilla-28g-estrella/1004156
Vickningschips 275g Estrella,"40,90 kr","0.275kg 148,73 kr/kg",525 kcal,2187 kJ,34.5 g,2.7 g,45 g,0.5 g,5.6 g,1.3 g,5.3 g,,,,,,,,,,,,,,,,,,,,https://handlaprivatkund.ica.se/stores/1004181/products/vickningschips-275g-estrella/1512426
Glass Favorites Rocky Road 825ml GB Glace,"47,90 kr","0.825L 58,06 kr/l",205 kcal,860 kJ,7.8 g,5.6 g,29 g,26 g,3.5 g,0.12 g,1.7 g,,,,,,,,,,,,,,,,,,,,https://handlaprivatkund.ica.se/stores/1004181/products/glass-favorites-rocky-road-825ml-gb-glace/2130398
Torkad Passionsfrukt 100g DAVE & JON'S,"32,90 kr","0.1kg 329,00 kr/kg",303 kcal,1268 kJ,0.4 g,0.06 g,70.9 g,54.7 g,0.9 g,0.15 g,8 g,,,,,,,,,,,,,,,,,,,,https://handlaprivatkund.ica.se/stores/1004181/products/torkad-passionsfrukt-100g-dave-jon-s/2149664
Stjärnor Sourcream & Onion 85g Estrella,"25,90 kr","0.085kg 304,71 kr/kg",495 kcal,2073 kJ,25 g,2.2 g,63 g,3.2 g,3.9 g,2.1 g,1.9 g,,,,,,,,,,,,,,,,,,,,https://handlaprivatkund.ica.se/stores/1004181/products/stj%C3%A4rnor-sourcream-onion-85g-estrella/2074303
Müslibar BIG Coconut 50g Corny,"14,90 kr","0.05kg 298,00 kr/kg",474 kcal,1983 kJ,23 g,19 g,59 g,32 g,4.6 g,0.43 g,5.3 g,,,,,,,,,,,,,,,,,,,,https://handlaprivatkund.ica.se/stores/1004181/products/m%C3%BCslibar-big-coconut-50g-corny/1421356
Pinjenötter 60g ICA I love eco,"49,90 kr","0.06kg 831,67 kr/kg",713 kcal,2943 kJ,68 g,4.9 g,9.4 g,3.6 g,14 g,0 g,3.7 g,,,,,,,,251 mg,,,,,,,,,,9.3 mg,575 mg,https://handlaprivatkund.ica.se/stores/1004181/products/pinjen%C3%B6tter-60g-ica-i-love-eco/2034854
Chokladkaka Choco 50g Tony´scho,"22,90 kr","0.05kg 458,00 kr/kg",545 kcal,2280 kJ,33 g,20 g,52 g,51 g,7.7 g,0.21 g,,,,,,,,,,,,,,,,,,,,,https://handlaprivatkund.ica.se/stores/1004181/products/chokladkaka-choco-50g-tony-scho/2096163
Chokladkaka Premium 70% kakao Sea salt pecan 100g Marabou,"51,00 kr","0.1kg 510,00 kr/kg",595 kcal,2465 kJ,46 g,26 g,34 g,30 g,6.9 g,0.4 g,10 g,,,,,,,,,,,,,,,,,,,,https://handlaprivatkund.ica.se/stores/1004181/products/chokladkaka-premium-70-kakao-sea-salt-pecan-100g-marabou/1402375
Glass Dumlestrut 1-p Fazer,"38,90 kr",,308 kcal,1291 kJ,16 g,11 g,38 g,27 g,3.1 g,0.33 g,,,,,,,,,,,,,,,,,,,,,https://handlaprivatkund.ica.se/stores/1004181/products/glass-dumlestrut-1-p-fazer/2014829
Godispåse Djungelvrål Saltlakrits 90g Malaco,"16,90 kr","0.09kg 187,78 kr/kg",349 kcal,1480 kJ,0.1 g,0 g,87 g,48 g,0.4 g,0.18 g,,,,,,,,,,,,,,,,,,,,,https://handlaprivatkund.ica.se/stores/1004181/products/godisp%C3%A5se-djungelvr%C3%A5l-saltlakrits-90g-malaco/2127768
Kokosdröm 29g Pingvin,"7,90 kr","0.029kg 272,41 kr/kg",387 kcal,1619 kJ,4.8 g,4.4 g,83 g,70 g,0.9 g,0.27 g,,,,,,,,,,,,,,,,,,,,,https://handlaprivatkund.ica.se/stores/1004181/products/kokosdr%C3%B6m-29g-pingvin/1426152
Chokladpralin Mörk Choklad 60% 137g Lindt,"77,00 kr","0.137kg 562,04 kr/kg",637 kcal,2639 kJ,52 g,39 g,34 g,32 g,5 g,0.05 g,,,,,,,,,,,,,,,,,,,,,https://handlaprivatkund.ica.se/stores/1004181/products/chokladpralin-m%C3%B6rk-choklad-60-137g-lindt/1448890
Dumle Original 200g Fazer,"43,90 kr","0.2kg 219,50 kr/kg",475 kcal,1988 kJ,22 g,15 g,67 g,53 g,3.2 g,0.3 g,,,,,,,,,,,,,,,,,,,,,https://handlaprivatkund.ica.se/stores/1004181/products/dumle-original-200g-fazer/2117800
Majsskruvar Choklad 100g Redhead,"32,90 kr","0.1kg 329,00 kr/kg",539 kcal,2262 kJ,32.7 g,23.8 g,57.7 g,39.5 g,3.8 g,1.6 g,0 g,,,,,,,,,,0 g,0 g,,,,,,,,,https://handlaprivatkund.ica.se/stores/1004181/products/majsskruvar-choklad-100g-redhead/2166573
Glasstrut Tip Top 150ml Heartbrand,"33,90 kr",,348 kcal,1457 kJ,23 g,14 g,34 g,24 g,3.5 g,0.21 g,,,,,,,,,,,,,,,,,,,,,https://handlaprivatkund.ica.se/stores/1004181/products/glasstrut-tip-top-150ml-heartbrand/2054706
Glass Favorites Vanilla 900ml GB Glace,"40,90 kr","0.9L 45,44 kr/l",188 kcal,789 kJ,7.5 g,6.7 g,27 g,22 g,2.6 g,0.14 g,,,,,,,,,,,,,,,,,,,,,https://handlaprivatkund.ica.se/stores/1004181/products/glass-favorites-vanilla-900ml-gb-glace/2130394
Sötmandel 200g ICA,"41,90 kr","0.2kg 209,50 kr/kg",592 kcal,2478 kJ,53 g,4.4 g,6.2 g,6.2 g,21 g,0 g,19 g,,,,,,,,,,,,,,,,,,,,https://handlaprivatkund.ica.se/stores/1004181/products/s%C3%B6tmandel-200g-ica/2002105
Dadlar Chokladboll 125g Dave & Jon's,"29,90 kr","0.125kg 239,20 kr/kg",409 kcal,1714 kJ,16.4 g,12.2 g,58.9 g,43.5 g,3.1 g,0.2 g,7.1 g,,,,,,,,,,,,,,,,,,,,https://handlaprivatkund.ica.se/stores/1004181/products/dadlar-chokladboll-125g-dave-jon-s/2125901
Calippo Supermix 5-p GB Glace,"61,00 kr","5 per frp 12,20 kr/st",,,,,,,,,,,,,,,,,,,,,,,,,,,,,https://handlaprivatkund.ica.se/stores/1004181/products/calippo-supermix-5-p-gb-glace/2109026
Chokladask Finest selection Röd 250g Merci,"94,00 kr","0.25kg 376,00 kr/kg",563 kcal,2344 kJ,36.1 g,19.7 g,50 g,48.1 g,7.6 g,0.15 g,,,,,,,,,,,,,,,,,,,,,https://handlaprivatkund.ica.se/stores/1004181/products/chokladask-finest-selection-r%C3%B6d-250g-merci/1128772
Godis Gott & Blandat Salt 210g Malaco,"26,90 kr","0.21kg 128,10 kr/kg",344 kcal,1458 kJ,0.1 g,0 g,85 g,58 g,0.8 g,0.2 g,,,,,,,,,,,,,,,,,,,,,https://handlaprivatkund.ica.se/stores/1004181/products/godis-gott-blandat-salt-210g-malaco/1297885
Halstablett Blue Active Strong sockerfri 72g Vicks,"27,90 kr","0.072kg 387,50 kr/kg",231 kcal,970 kJ,0 g,0 g,96 g,0 g,0 g,0 g,,,,,,,,,,,,,,,,,,,,,https://handlaprivatkund.ica.se/stores/1004181/products/halstablett-blue-active-strong-sockerfri-72g-vicks/1528038
Valnötter 300g ICA Gott Liv,"78,00 kr","0.3kg 260,00 kr/kg",696 kcal,2875 kJ,67 g,6.9 g,3.2 g,2.3 g,16 g,0.05 g,6.4 g,,386 mg,,,,,,151 mg,,,,,,,,,,,,https://handlaprivatkund.ica.se/stores/1004181/products/valn%C3%B6tter-300g-ica-gott-liv/1383808
Kinder Maxi 6-p 126g Ferrero,"30,90 kr","0.126kg 245,24 kr/kg",566 kcal,2360 kJ,35 g,22.6 g,53.5 g,53.3 g,8.7 g,0.313 g,,,,,,,,,,,,,,,,,,,,,https://handlaprivatkund.ica.se/stores/1004181/products/kinder-maxi-6-p-126g-ferrero/1368647
Cashew Brynt Smör & Havssalt 140g Exotic Snacks,"62,00 kr","0.14kg 442,86 kr/kg",614 kcal,2571 kJ,47.6 g,8.1 g,26.7 g,6.7 g,18 g,0.5 g,3.3 g,,,,,,,,,,,,,,,,,,,,https://handlaprivatkund.ica.se/stores/1004181/products/cashew-brynt-sm%C3%B6r-havssalt-140g-exotic-snacks/2105117
Västkustchips Dill & Gräslök 180g Estrella,"35,90 kr","0.18kg 199,44 kr/kg",477 kcal,1991 kJ,26 g,2.1 g,52 g,1.6 g,6.3 g,1.1 g,5.9 g,,,,,,,,,,,,,,,,,,,,https://handlaprivatkund.ica.se/stores/1004181/products/v%C3%A4stkustchips-dill-gr%C3%A4sl%C3%B6k-180g-estrella/2116292
Linsbågar Cheddar 150g Estrella,"41,90 kr","0.15kg 279,33 kr/kg",486 kcal,2030 kJ,29 g,5.4 g,39 g,2.3 g,16.3 g,1.8 g,3.4 g,,,,,,,,,,,,,,,,,,,,https://handlaprivatkund.ica.se/stores/1004181/products/linsb%C3%A5gar-cheddar-150g-estrella/2138820
Chips Lättsaltade 275g OLW,"39,90 kr","0.275kg 145,09 kr/kg",520 kcal,2200 kJ,32 g,3.5 g,58 g,0.8 g,5 g,1.3 g,,,,,,,,,,,,,,,,,,,,,https://handlaprivatkund.ica.se/stores/1004181/products/chips-l%C3%A4ttsaltade-275g-olw/1490338
"Gräddglass Himmelsk röra 0,5l Triumf Glass","24,90 kr","0.5L 49,80 kr/l",230 kcal,950 kJ,12 g,6.3 g,27 g,25 g,2.5 g,0.1 g,,,,,,,,,,,,,,,,,,,,,https://handlaprivatkund.ica.se/stores/1004181/products/gr%C3%A4ddglass-himmelsk-r%C3%B6ra-0-5l-triumf-glass/1456575
Chokladkaka EXCELLENCE Lakrits Mörk Choklad 100g Lindt,"55,00 kr","0.1kg 550,00 kr/kg",520 kcal,2171 kJ,29 g,17 g,56 g,52 g,5.4 g,0.08 g,,,,,,,,,,,,,,,,,,,,,https://handlaprivatkund.ica.se/stores/1004181/products/chokladkaka-excellence-lakrits-m%C3%B6rk-choklad-100g-lindt/2075159
Gräddkola 135g Werthers Original,"29,90 kr","0.135kg 221,48 kr/kg",427 kcal,1796 kJ,14.9 g,8.9 g,71.8 g,41.2 g,3.5 g,0.63 g,,,,,,,,,,,,,,,,,,,,,https://handlaprivatkund.ica.se/stores/1004181/products/gr%C3%A4ddkola-135g-werthers-original/1305764
Chokladkaka Hasselnöt 100g Ritter,"35,90 kr","0.1kg 359,00 kr/kg",575 kcal,2394 kJ,39 g,15 g,46 g,44 g,8.7 g,0.14 g,,,,,,,,,,,,,,,,,,,,,https://handlaprivatkund.ica.se/stores/1004181/products/chokladkaka-hasseln%C3%B6t-100g-ritter/2084381
Torkad Mango Chili Twist 100g DAVE & JON'S,"32,90 kr","0.1kg 329,00 kr/kg",336 kcal,1406 kJ,0.18 g,0.17 g,81.9 g,67.8 g,2 g,0 g,3.7 g,,,,,,,,,,,,,,,,,,,,https://handlaprivatkund.ica.se/stores/1004181/products/torkad-mango-chili-twist-100g-dave-jon-s/2149662
Dadlar Saltlakrits 125g Dave & Jon's,"29,90 kr","0.125kg 239,20 kr/kg",320 kcal,1343 kJ,2.6 g,1.5 g,67.8 g,54.6 g,2.4 g,0 g,7.1 g,,,,,,,3.7 mg,,,,,,,,,,750 mg,,,https://handlaprivatkund.ica.se/stores/1004181/products/dadlar-saltlakrits-125g-dave-jon-s/2083009
Karameller Salmiak Lakrits 150g Treatville,"18,90 kr","0.15kg 126,00 kr/kg",382 kcal,1624 kJ,0 g,0 g,95 g,61 g,0.5 g,1.2 g,,,,,,,,,,,,,,,,,,,,,https://handlaprivatkund.ica.se/stores/1004181/products/karameller-salmiak-lakrits-150g-treatville/2099350
S-märke orginalet Supersalt 80g Candypeople,"16,90 kr","0.08kg 211,25 kr/kg",340 kcal,1400 kJ,0 g,0 g,77 g,54 g,5.6 g,,,,,,,,,,,,,,,,,,,,,,https://handlaprivatkund.ica.se/stores/1004181/products/s-m%C3%A4rke-orginalet-supersalt-80g-candypeople/1499899
Glasspinne Classic 110ml Magnum,"33,90 kr",,217 kcal,909 kJ,13 g,9.2 g,22 g,19 g,2.3 g,0.09 g,,,,,,,,,,,,,,,,,,,,,https://handlaprivatkund.ica.se/stores/1004181/products/glasspinne-classic-110ml-magnum/2054668
Halstabletter Salmiak 25g Sockerfri Läkerol,"19,90 kr","0.025kg 796,00 kr/kg",177 kcal,736 kJ,0.3 g,0.3 g,42 g,0 g,1.3 g,5.5 g,,38 g,,,,,,,,,,,,,,,,,,,https://handlaprivatkund.ica.se/stores/1004181/products/halstabletter-salmiak-25g-sockerfri-l%C3%A4kerol/1487413
Pinjenötter 70g ICA Gott liv,"60,00 kr","0.07kg 857,14 kr/kg",697 kcal,2918 kJ,66 g,3.9 g,8.9 g,4.9 g,14 g,0 g,5.5 g,,490 mg,,,,,6.7 mg,205 mg,8.5 mg,,,,,,,,,,,https://handlaprivatkund.ica.se/stores/1004181/products/pinjen%C3%B6tter-70g-ica-gott-liv/1383768
Japp Dubbel 60g Marabou,"17,90 kr","0.06kg 298,33 kr/kg",441 kcal,1855 kJ,15 g,7.3 g,73 g,53 g,3.3 g,0.16 g,1.1 g,,,,,,,,,,,,,,,,,,,,https://handlaprivatkund.ica.se/stores/1004181/products/japp-dubbel-60g-marabou/1001453
Glasspinne Push-Up 1p Haribo,"22,90 kr",,157 kcal,656 kJ,3.3 g,3 g,27 g,20 g,2.1 g,0.01 g,3.1 g,,,,,,,,,,,,,,,,,,,,https://handlaprivatkund.ica.se/stores/1004181/products/glasspinne-push-up-1p-haribo/2154460
Choklad Smarties Milk Chocolate 100g Ritter,"48,90 kr","0.1kg 489,00 kr/kg",522 kcal,2180 kJ,28 g,16 g,59 g,57 g,6.3 g,0.17 g,,,,,,,,,,,,,,,,,,,,,https://handlaprivatkund.ica.se/stores/1004181/products/choklad-smarties-milk-chocolate-100g-ritter/2168319
Dadlar Kanelbulle 125g Dave & Jon's,"29,90 kr","0.125kg 239,20 kr/kg",354 kcal,1480 kJ,6.9 g,3.2 g,64.5 g,49.9 g,3.4 g,0.16 g,8 g,,,,,,,,,,,,,,,,,,,,https://handlaprivatkund.ica.se/stores/1004181/products/dadlar-kanelbulle-125g-dave-jon-s/2165303
Chokladkaka Frukt & Mandel 160g Marabou,"38,90 kr","0.16kg 243,13 kr/kg",522 kcal,2182 kJ,29 g,16 g,58 g,55 g,5.4 g,0.22 g,2.6 g,,,,,,,,,,,,,,,,,,,,https://handlaprivatkund.ica.se/stores/1004181/products/chokladkaka-frukt-mandel-160g-marabou/2166161
Popcorn Mikropopcorn Saltade 3-p 270g ICA,"25,90 kr","0.27kg 95,93 kr/kg",458 kcal,1919 kJ,18 g,7.6 g,59 g,0.9 g,9.5 g,1.4 g,11 g,,,,,,,,,,,,,,,,,,,,https://handlaprivatkund.ica.se/stores/1004181/products/popcorn-mikropopcorn-saltade-3-p-270g-ica/2153538
After Eight 200g Nestle,"69,00 kr","0.2kg 345,00 kr/kg",426 kcal,1792 kJ,12.9 g,7.6 g,73.5 g,67.8 g,2.1 g,0.03 g,2.8 g,,,,,,,,,,,,,,,,,,,,https://handlaprivatkund.ica.se/stores/1004181/products/after-eight-200g-nestle/1449265
Gräddglass Kolastrutar 6-p 780ml Sia Glass,"59,00 kr","6 per frp 9,83 kr/st",280 kcal,1200 kJ,15 g,10 g,33 g,24 g,3.6 g,0.2 g,0 g,0 g,,0 µg,0 µg,0 µg,0 µg,,,,,,,,,,,,,,https://handlaprivatkund.ica.se/stores/1004181/products/gr%C3%A4ddglass-kolastrutar-6-p-780ml-sia-glass/1509552
Västkustchips Smör & Havssalt 180g Estrella,"35,90 kr","0.18kg 199,44 kr/kg",466 kcal,1950 kJ,24 g,2.3 g,53 g,3.3 g,6.7 g,1.4 g,5.9 g,,,,,,,,,,,,,,,,,,,,https://handlaprivatkund.ica.se/stores/1004181/products/v%C3%A4stkustchips-sm%C3%B6r-havssalt-180g-estrella/2138824
Chokladrulle Schweizernöt 67g Marabou,"31,90 kr","0.067kg 476,12 kr/kg",565 kcal,2360 kJ,36 g,17.5 g,53.5 g,52 g,5.8 g,0.3 g,2.7 g,,,,,,,,,,,,,,,,,,,,https://handlaprivatkund.ica.se/stores/1004181/products/chokladrulle-schweizern%C3%B6t-67g-marabou/1005066
Glass Kladdkaka 1.5L SIA GLASS,"55,00 kr","1.5L 36,67 kr/l",220 kcal,900 kJ,10 g,6.7 g,27 g,25 g,4.3 g,0.1 g,0 g,0 g,,0 µg,0 µg,0 µg,0 µg,,,,,,,,,,,,,,https://handlaprivatkund.ica.se/stores/1004181/products/glass-kladdkaka-1-5l-sia-glass/2129995
Passion of nature Fem synder 170g Exotic snacks,"58,00 kr","0.17kg 341,18 kr/kg",450 kcal,1900 kJ,20 g,11 g,63 g,56 g,5.6 g,0.4 g,,,,,,,,,,,,,,,,,,,,,https://handlaprivatkund.ica.se/stores/1004181/products/passion-of-nature-fem-synder-170g-exotic-snacks/1485240
Västkustchips Havssalt & Vinäger 180g Estrella,"35,90 kr","0.18kg 199,44 kr/kg",459 kcal,1918 kJ,23 g,1.9 g,53 g,1.8 g,6.4 g,1.4 g,6 g,,,,,,,,,,,,,,,,,,,,https://handlaprivatkund.ica.se/stores/1004181/products/v%C3%A4stkustchips-havssalt-vin%C3%A4ger-180g-estrella/1512361
Glasstrut Lovely Vanilla 1st Choice,"33,90 kr",,301 kcal,1259 kJ,11 g,8 g,48 g,29 g,1.5 g,0.22 g,,,,,,,,,,,,,,,,,,,,,https://handlaprivatkund.ica.se/stores/1004181/products/glasstrut-lovely-vanilla-1st-choice/2102702
Chips Sourcream & onion 275g Estrella,"40,90 kr","0.275kg 148,73 kr/kg",515 kcal,2147 kJ,33 g,2.7 g,46 g,3.1 g,5.8 g,1.5 g,5.3 g,,,,,,,,,,,,,,,,,,,,https://handlaprivatkund.ica.se/stores/1004181/products/chips-sourcream-onion-275g-estrella/1512387
Russin 500g Sun Maid,"76,00 kr","0.5kg 152,00 kr/kg",316 kcal,1322 kJ,0.7 g,0 g,76.9 g,71.4 g,3 g,0.02 g,5.8 g,,,,,,,,,,,,,,,,,,,,https://handlaprivatkund.ica.se/stores/1004181/products/russin-500g-sun-maid/2043644
Snören Kola Påse 94g Malaco,"22,90 kr","0.094kg 243,62 kr/kg",373 kcal,1577 kJ,1.6 g,1.2 g,81 g,51 g,3.2 g,0.02 g,,,,,,,,,,,,,,,,,,,,,https://handlaprivatkund.ica.se/stores/1004181/products/sn%C3%B6ren-kola-p%C3%A5se-94g-malaco/1001615
Tuggummi White Bubblemint 84g Extra,"56,00 kr","0.084kg 666,67 kr/kg",146 kcal,610 kJ,0 g,0 g,61 g,0 g,0 g,0.06 g,,61 g,,,,,,,,,,,,,,,,,,,https://handlaprivatkund.ica.se/stores/1004181/products/tuggummi-white-bubblemint-84g-extra/2075814
Päronsplitt 10-p GB Glace,"56,00 kr","10 per frp 5,60 kr/st",133 kcal,558 kJ,3.2 g,2.9 g,24 g,22 g,1.4 g,0.07 g,,,,,,,,,,,,,,,,,,,,,https://handlaprivatkund.ica.se/stores/1004181/products/p%C3%A4ronsplitt-10-p-gb-glace/2094358
Chokladkaka Tuc 87g Marabou,"33,90 kr","0.087kg 389,66 kr/kg",525 kcal,2185 kJ,28 g,16.5 g,59.5 g,50 g,6.4 g,0.8 g,1.9 g,,,,,,,,,,,,,,,,,,,,https://handlaprivatkund.ica.se/stores/1004181/products/chokladkaka-tuc-87g-marabou/1487632
Grillchips 275g OLW,"39,90 kr","0.275kg 145,09 kr/kg",530 kcal,2200 kJ,33 g,3.4 g,58 g,1.7 g,5 g,1.4 g,,,,,,,,,,,,,,,,,,,,,https://handlaprivatkund.ica.se/stores/1004181/products/grillchips-275g-olw/1490356
Godistabletter Frukt 38g Mentos,"13,90 kr","0.038kg 365,79 kr/kg",388 kcal,1648 kJ,1.9 g,1.9 g,92 g,69 g,0 g,0 g,,,,,,,,,,,,,,,,,,,,,https://handlaprivatkund.ica.se/stores/1004181/products/godistabletter-frukt-38g-mentos/1009185
Tuggummi Sockerfri Strong Teeth Spearmint 30g V6,"24,90 kr","0.03kg 830,00 kr/kg",162 kcal,676 kJ,0.3 g,0.2 g,64 g,0.1 g,0.4 g,0.06 g,,64 g,,,,,,,,,,,10 mg,,,,,,,,https://handlaprivatkund.ica.se/stores/1004181/products/tuggummi-sockerfri-strong-teeth-spearmint-30g-v6/2150706
Glass Daim Strawberry 825ml GB Glace,"47,90 kr","0.825L 58,06 kr/l",239 kcal,999 kJ,11 g,8.1 g,32 g,27 g,2.6 g,0.23 g,0.5 g,,,,,,,,,,,,,,,,,,,,https://handlaprivatkund.ica.se/stores/1004181/products/glass-daim-strawberry-825ml-gb-glace/2154425
Tuggummi Original Sockerfri 30g Stimorol,"22,90 kr","0.03kg 763,33 kr/kg",170 kcal,707 kJ,0.3 g,0.1 g,65 g,0.5 g,0.8 g,0.1 g,,63 g,,,,,,,,,,,,,,,,,,,https://handlaprivatkund.ica.se/stores/1004181/products/tuggummi-original-sockerfri-30g-stimorol/1363557
Tuggummi Sockerfri Infinity Strawberry/Lime 30g Stimorol,"22,90 kr","0.03kg 763,33 kr/kg",188 kcal,783 kJ,1.7 g,1.1 g,68 g,0.1 g,1.3 g,0.02 g,0 g,68 g,,,,,,,,,,,,,,,,,,,https://handlaprivatkund.ica.se/stores/1004181/products/tuggummi-sockerfri-infinity-strawberry-lime-30g-stimorol/2150713
Godispåse Filidutter Hallon 65g Konfekta,"13,90 kr","0.065kg 213,85 kr/kg",390 kcal,1620 kJ,0 g,0 g,93.6 g,73.6 g,0 g,0 g,,,,,,,,,,,,,,,,,,,,,https://handlaprivatkund.ica.se/stores/1004181/products/godisp%C3%A5se-filidutter-hallon-65g-konfekta/2018446
Chips Sourcream & Onion liten påse 40g OLW,"13,90 kr","0.04kg 347,50 kr/kg",540 kcal,2200 kJ,32 g,3.3 g,56 g,2.8 g,4.9 g,1.6 g,,,,,,,,,,,,,,,,,,,,,https://handlaprivatkund.ica.se/stores/1004181/products/chips-sourcream-onion-liten-p%C3%A5se-40g-olw/1001444
Chips Ranch & Sourcream 275g Estrella,"40,90 kr","0.275kg 148,73 kr/kg",520 kcal,2164 kJ,33 g,2.7 g,46 g,2.9 g,5.9 g,1.6 g,5.3 g,,,,,,,,,,,,,,,,,,,,https://handlaprivatkund.ica.se/stores/1004181/products/chips-ranch-sourcream-275g-estrella/1512439
Godispåse Tutti Frutti Hallon 90g Fazer,"16,90 kr","0.09kg 187,78 kr/kg",356 kcal,1498 kJ,0.5 g,0 g,88 g,59 g,0.5 g,0.32 g,,,,,,,,,,,,,,,,,,,,,https://handlaprivatkund.ica.se/stores/1004181/products/godisp%C3%A5se-tutti-frutti-hallon-90g-fazer/2159039
Glass Magnum Classic 110ml Magnum,"33,90 kr",,305 kcal,1272 kJ,18 g,13 g,30 g,27 g,3.3 g,0.13 g,,,,,,,,,,,,,,,,,,,,,https://handlaprivatkund.ica.se/stores/1004181/products/glass-magnum-classic-110ml-magnum/2130094
Godis Nappar Skum Sur 120g Haribo,"24,90 kr","0.12kg 207,50 kr/kg",359 kcal,1526 kJ,0.5 g,0.1 g,86 g,64 g,3.6 g,0.01 g,,,,,,,,,,,,,,,,,,,,,https://handlaprivatkund.ica.se/stores/1004181/products/godis-nappar-skum-sur-120g-haribo/2075711
Västkustchips Gräddfil & Lök 180g Estrella,"35,90 kr","0.18kg 199,44 kr/kg",470 kcal,1962 kJ,25 g,2.2 g,52 g,2.8 g,6.5 g,1.3 g,6 g,,,,,,,,,,,,,,,,,,,,https://handlaprivatkund.ica.se/stores/1004181/products/v%C3%A4stkustchips-gr%C3%A4ddfil-l%C3%B6k-180g-estrella/1431508
Chips Grill 275g Estrella,"40,90 kr","0.275kg 148,73 kr/kg",517 kcal,2152 kJ,33 g,2.6 g,46 g,0.8 g,5.5 g,1.7 g,5.5 g,,,,,,,,,,,,,,,,,,,,https://handlaprivatkund.ica.se/stores/1004181/products/chips-grill-275g-estrella/1512392
Mörk Choklad Kitkat 4-finger da 41.5g Nestle,"14,90 kr","0.0415kg 359,04 kr/kg",501 kcal,2096 kJ,25.7 g,14.2 g,58.6 g,44.8 g,5.6 g,0.04 g,5.5 g,,,,,,,,,,,,,,,,,,,,https://handlaprivatkund.ica.se/stores/1004181/products/m%C3%B6rk-choklad-kitkat-4-finger-da-41-5g-nestle/2128031
Chips Lagrad ost & Havssalt 275g Estrella,"40,90 kr","0.275kg 148,73 kr/kg",518 kcal,2156 kJ,33 g,2.8 g,47 g,2.9 g,5.8 g,1.5 g,5 g,,,,,,,,,,,,,,,,,,,,https://handlaprivatkund.ica.se/stores/1004181/products/chips-lagrad-ost-havssalt-275g-estrella/2104976
Chips Hot & Spicy 165g Pringles,"43,90 kr","0.165kg 266,06 kr/kg",519 kcal,2169 kJ,29 g,6.3 g,55 g,3 g,6.3 g,1.2 g,3.7 g,,,,,,,,,,,,,,,,,,,,https://handlaprivatkund.ica.se/stores/1004181/products/chips-hot-spicy-165g-pringles/2139370
Zoo 20g,"8,90 kr","0.02kg 445,00 kr/kg",359 kcal,1526 kJ,0.4 g,0.4 g,82 g,66 g,5.8 g,0.02 g,,,,,,,,,,,,,,,,,,,,,https://handlaprivatkund.ica.se/stores/1004181/products/zoo-20g/1004566
Godispåse Colaflaskor 95g Malaco,"16,90 kr","0.095kg 177,89 kr/kg",359 kcal,1526 kJ,0.2 g,0.1 g,89 g,66 g,0.1 g,0.11 g,,,,,,,,,,,,,,,,,,,,,https://handlaprivatkund.ica.se/stores/1004181/products/godisp%C3%A5se-colaflaskor-95g-malaco/2127772
Russin Soltorkade 250g Krav Saltå Kvarn,"51,00 kr","0.25kg 204,00 kr/kg",340 kcal,1430 kJ,0.7 g,0.3 g,74 g,70 g,3.2 g,0.02 g,4.2 g,,,,,,,,,,,,,,,,,,,,https://handlaprivatkund.ica.se/stores/1004181/products/russin-soltorkade-250g-krav-salt%C3%A5-kvarn/2010811
Glass Almond 1-p Magnum,"33,90 kr",,327 kcal,1363 kJ,20 g,13 g,31 g,26 g,4.6 g,0.11 g,,,,,,,,,,,,,,,,,,,,,https://handlaprivatkund.ica.se/stores/1004181/products/glass-almond-1-p-magnum/2130091
Cashewnötter naturell 100g ICA I love eco,"39,90 kr","0.1kg 399,00 kr/kg",,,,,,,,,,,,,,,,,,,,,,,,,,,,,https://handlaprivatkund.ica.se/stores/1004181/products/cashewn%C3%B6tter-naturell-100g-ica-i-love-eco/2040448
Chokladkaka Oreo 37g Marabou,"17,90 kr","0.037kg 483,78 kr/kg",548 kcal,2286 kJ,33 g,19 g,56 g,49 g,5.6 g,0.52 g,1.6 g,,,,,,,,,,,,,,,,,,,,https://handlaprivatkund.ica.se/stores/1004181/products/chokladkaka-oreo-37g-marabou/2000544
Chokladkaka Mjölkchoklad 160g Marabou,"38,90 kr","0.16kg 243,13 kr/kg",544 kcal,2273 kJ,32 g,19 g,59 g,58 g,4.4 g,0.26 g,1.9 g,,,,,,,,,,,,,,,,,,,,https://handlaprivatkund.ica.se/stores/1004181/products/chokladkaka-mj%C3%B6lkchoklad-160g-marabou/2166168
Vingummin Black Edition 175g Treatville,"22,90 kr","0.175kg 130,86 kr/kg",334 kcal,1420 kJ,0.5 g,0.3 g,79 g,49 g,4.3 g,0.03 g,,,,,,,,,,,,,,,,,,,,,https://handlaprivatkund.ica.se/stores/1004181/products/vingummin-black-edition-175g-treatville/2065038
Nötmix med oliv 200g ICA,"47,90 kr","0.2kg 239,50 kr/kg",628 kcal,2601 kJ,52 g,7.4 g,14 g,5.2 g,22 g,0.5 g,6.8 g,,,,,,,,,,,,,,,,,,,,https://handlaprivatkund.ica.se/stores/1004181/products/n%C3%B6tmix-med-oliv-200g-ica/2165534
Lakrits Salt Hallon 120g Nordiskt Lakritskök,"29,90 kr","0.12kg 249,17 kr/kg",290 kcal,1250 kJ,0.5 g,0.5 g,68 g,48 g,3.9 g,1.2 g,1.1 g,,,,,,,,,,,,,,,,,,,,https://handlaprivatkund.ica.se/stores/1004181/products/lakrits-salt-hallon-120g-nordiskt-lakritsk%C3%B6k/2151256
Goody Banan Toffee 90g Bubs Godis,"15,90 kr","0.09kg 176,67 kr/kg",350 kcal,1464 kJ,0.2 g,0.2 g,86 g,59 g,0.4 g,0.1 g,,,,,,,,,,,,,,,,,,,,,https://handlaprivatkund.ica.se/stores/1004181/products/goody-banan-toffee-90g-bubs-godis/2062743
Müslibar BIG Brownie 50g Corny,"14,90 kr","0.05kg 298,00 kr/kg",424 kcal,1782 kJ,14 g,9.3 g,65 g,34 g,6.2 g,0.41 g,3.9 g,,,,,,,,,,,,,,,,,,,,https://handlaprivatkund.ica.se/stores/1004181/products/m%C3%BCslibar-big-brownie-50g-corny/2061845
Cheezdoodles 225g OLW,"42,90 kr","0.225kg 190,67 kr/kg",520 kcal,2200 kJ,30 g,14 g,53 g,2.5 g,10 g,2.1 g,,,,,,,,,,,,,,,,,,,,,https://handlaprivatkund.ica.se/stores/1004181/products/cheezdoodles-225g-olw/1485144
Tyrkisk Peber Hot & sour 150g Fazer,"27,90 kr","0.15kg 186,00 kr/kg",381 kcal,1606 kJ,0.5 g,0 g,94 g,75 g,0.5 g,0.67 g,,,,,,,,,,,,,,,,,,,,,https://handlaprivatkund.ica.se/stores/1004181/products/tyrkisk-peber-hot-sour-150g-fazer/1477753
Sportlunch Dubbel 50g Cloetta,"15,90 kr","0.05kg 318,00 kr/kg",532 kcal,2232 kJ,30 g,18 g,59 g,53 g,6.3 g,0.34 g,,,,,,,,,,,,,,,,,,,,,https://handlaprivatkund.ica.se/stores/1004181/products/sportlunch-dubbel-50g-cloetta/1363643
Glass Smultron 1.75ml Triumf Glass,"39,00 kr","1.75L 22,29 kr/l",190 kcal,800 kJ,9.3 g,6.1 g,24 g,24 g,2.9 g,0.18 g,,,,,,,,,,,,,,,,,,,,,https://handlaprivatkund.ica.se/stores/1004181/products/glass-smultron-1-75ml-triumf-glass/2154442
Snickersglass 6-p Mars,"69,00 kr","6 per frp 11,50 kr/st",341 kcal,1425 kJ,20 g,9.4 g,34 g,25 g,5.9 g,0.24 g,,,,,,,,,,,,,,,,,,,,,https://handlaprivatkund.ica.se/stores/1004181/products/snickersglass-6-p-mars/2094361
Salt lakrits Sockerfri 100g De Bron,"37,90 kr","0.1kg 379,00 kr/kg",192 kcal,793 kJ,0.2 g,0.2 g,50.4 g,0.2 g,1.3 g,0.2 g,31.4 g,47.3 g,,,,,,,,,,,,,0 g,,,,,,https://handlaprivatkund.ica.se/stores/1004181/products/salt-lakrits-sockerfri-100g-de-bron/1431843
Gräddglass Cookies & Cream 500ml Triumf Glass,"24,90 kr","0.5L 49,80 kr/l",240 kcal,1000 kJ,13 g,7 g,26 g,23 g,3.1 g,0.18 g,,,,,,,,,,,,,,,,,,,,,https://handlaprivatkund.ica.se/stores/1004181/products/gr%C3%A4ddglass-cookies-cream-500ml-triumf-glass/2086185
Strössel Choco 120g Dr.Oetker,"28,90 kr","0.12kg 240,83 kr/kg",385 kcal,1635 kJ,0.9 g,0.5 g,91 g,90 g,2 g,0.18 g,,,,,,,,,,,,,,,,,,,,,https://handlaprivatkund.ica.se/stores/1004181/products/str%C3%B6ssel-choco-120g-dr-oetker/1466756
Frystorkad Jordgubb vit choklad 125g Exotic Snacks,"58,00 kr","0.17kg 341,18 kr/kg",,,,,,,,,,,,,,,,,,,,,,,,,,,,,https://handlaprivatkund.ica.se/stores/1004181/products/frystorkad-jordgubb-vit-choklad-125g-exotic-snacks/2164024
Gåvoask Chokladpraliner 250g Treatville,"98,00 kr","0.25kg 392,00 kr/kg",524 kcal,2187 kJ,30 g,17 g,56 g,53 g,6.2 g,0.17 g,,,,,,,,,,,,,,,,,,,,,https://handlaprivatkund.ica.se/stores/1004181/products/g%C3%A5voask-chokladpraliner-250g-treatville/2161830
Dippmix Cheez original 23g OLW,"13,90 kr","0.023kg 604,35 kr/kg",329 kcal,1377 kJ,7.1 g,4.2 g,57 g,23 g,8.5 g,17 g,,,,,,,,,,,,,,,,,,,,,https://handlaprivatkund.ica.se/stores/1004181/products/dippmix-cheez-original-23g-olw/2165278
Potatischips Parmesan 150g Gårdschips,"33,90 kr","0.15kg 226,00 kr/kg",500 kcal,2093 kJ,29.7 g,2 g,47.3 g,2.9 g,8.6 g,1.3 g,5.9 g,,,,,,,,,,,,,,,,,,,,https://handlaprivatkund.ica.se/stores/1004181/products/potatischips-parmesan-150g-g%C3%A5rdschips/1499890
Tuggummi sockerfri Dental Dual Action Spearmint 30g V6,"24,90 kr","0.03kg 830,00 kr/kg",175 kcal,729 kJ,0.3 g,0.1 g,68 g,0.1 g,1.2 g,0.03 g,,68 g,,,,,,,,,,,,,,,,,,,https://handlaprivatkund.ica.se/stores/1004181/products/tuggummi-sockerfri-dental-dual-action-spearmint-30g-v6/2150721
Minimarshmallows 150g Treatville,"26,90 kr","0.15kg 179,33 kr/kg",322 kcal,1367 kJ,0.5 g,0 g,76 g,62 g,4.6 g,0.02 g,,,,,,,,,,,,,,,,,,,,,https://handlaprivatkund.ica.se/stores/1004181/products/minimarshmallows-150g-treatville/2044069
Gräddglass Vanilj 500ml SIA Glass,"24,90 kr","0.5L 49,80 kr/l",210 kcal,850 kJ,10 g,6.8 g,23 g,22 g,3.8 g,0.1 g,0.5 g,0.5 g,,0 µg,0 µg,0 µg,0 µg,,,,,,,,,,,,,,https://handlaprivatkund.ica.se/stores/1004181/products/gr%C3%A4ddglass-vanilj-500ml-sia-glass/1008723
Glass Vanilj Jordgubb 500ml GB Gräddglass,"18,90 kr","0.5L 37,80 kr/l",186 kcal,777 kJ,5.5 g,3.7 g,31 g,26 g,2.2 g,0.09 g,,,,,,,,,,,,,,,,,,,,,https://handlaprivatkund.ica.se/stores/1004181/products/glass-vanilj-jordgubb-500ml-gb-gr%C3%A4ddglass/2067312
Nappar Fruit 80g Haribo,"13,90 kr","0.08kg 173,75 kr/kg",343 kcal,1459 kJ,0.5 g,0.1 g,77 g,46 g,6.9 g,0.07 g,,,,,,,,,,,,,,,,,,,,,https://handlaprivatkund.ica.se/stores/1004181/products/nappar-fruit-80g-haribo/1368315
Godis Strawberry Liquorice 50g Pändy,"26,90 kr","0.05kg 538,00 kr/kg",75 kcal,309 kJ,0 g,0 g,7.5 g,0.6 g,4 g,0.12 g,25 g,6 g,,,,,,,,,,,,,,,,,,,https://handlaprivatkund.ica.se/stores/1004181/products/godis-strawberry-liquorice-50g-p%C3%A4ndy/2112893
Chokladkaka Mörk Almond sea salt 180g Tony's Chocolonely,"67,00 kr","0.18kg 372,22 kr/kg",539 kcal,2252 kJ,35 g,18 g,44 g,42 g,7.4 g,0.51 g,,,,,,,,,,,,,,,,,,,,,https://handlaprivatkund.ica.se/stores/1004181/products/chokladkaka-m%C3%B6rk-almond-sea-salt-180g-tony-s-chocolonely/2096159
Cashewnötter Rostade & saltade 400g Exotic Snacks,"110,00 kr","0.4kg 275,00 kr/kg",590 kcal,2500 kJ,49 g,9 g,19 g,5 g,18 g,1.5 g,6 g,,,,,,,5 mg,,4.7 mg,28 g,9 g,,,,,,,,,https://handlaprivatkund.ica.se/stores/1004181/products/cashewn%C3%B6tter-rostade-saltade-400g-exotic-snacks/1394607
Dumle Snacks Original 160g Fazer,"43,90 kr","0.16kg 274,38 kr/kg",480 kcal,2008 kJ,22 g,14 g,64 g,50 g,5.8 g,0.49 g,,,,,,,,,,,,,,,,,,,,,https://handlaprivatkund.ica.se/stores/1004181/products/dumle-snacks-original-160g-fazer/2117798
Torkad Mango 100g DAVE & JON'S,"32,90 kr","0.1kg 329,00 kr/kg",339 kcal,1418 kJ,0.18 g,0.17 g,82.2 g,68 g,2 g,0 g,3.7 g,,,,,,,,,,,,,,,,,,,,https://handlaprivatkund.ica.se/stores/1004181/products/torkad-mango-100g-dave-jon-s/2149663
Mjölkchoklad med Oreo 185g Marabou,"47,90 kr","0.185kg 258,92 kr/kg",535 kcal,2237 kJ,30 g,17 g,60 g,55 g,4.5 g,0.32 g,2 g,,,,,,,,,,,,,,,,,,,,https://handlaprivatkund.ica.se/stores/1004181/products/mj%C3%B6lkchoklad-med-oreo-185g-marabou/2126991
Chokladkaka Vit choklad 180g Marabou,"47,90 kr","0.18kg 266,11 kr/kg",540 kcal,2257 kJ,30 g,18 g,64 g,64 g,4.1 g,0.25 g,0.1 g,,,,,,,,,,,,,,,,,,,,https://handlaprivatkund.ica.se/stores/1004181/products/chokladkaka-vit-choklad-180g-marabou/2159038
Wasabinötter 200g Exotic Snacks,"32,90 kr","0.2kg 164,50 kr/kg",458 kcal,1921 kJ,19 g,6.2 g,60 g,23 g,10 g,1 g,2.8 g,,,,,,,,,,,,,,,,,,,,https://handlaprivatkund.ica.se/stores/1004181/products/wasabin%C3%B6tter-200g-exotic-snacks/2161211
Chips Lättsaltade liten påse 40g OLW,"13,90 kr","0.04kg 347,50 kr/kg",520 kcal,2200 kJ,32 g,3.5 g,58 g,0.8 g,5 g,1.3 g,,,,,,,,,,,,,,,,,,,,,https://handlaprivatkund.ica.se/stores/1004181/products/chips-l%C3%A4ttsaltade-liten-p%C3%A5se-40g-olw/1001446
Godispåse Jordgubbsdrömmar 75g Fini,"14,90 kr","0.075kg 198,67 kr/kg",326 kcal,1387 kJ,0 g,0 g,79 g,58 g,4 g,0.1 g,,,,,,,,,,,,,,,,,,,,,https://handlaprivatkund.ica.se/stores/1004181/products/godisp%C3%A5se-jordgubbsdr%C3%B6mmar-75g-fini/2151277
Glass Sunny Honey 465 ml Ben & Jerrys,"80,00 kr","0.465L 172,04 kr/l",258 kcal,1082 kJ,14 g,9.7 g,28 g,22 g,4 g,0.21 g,,,,,,,,,,,,,,,,,,,,,https://handlaprivatkund.ica.se/stores/1004181/products/glass-sunny-honey-465-ml-ben-jerrys/2115952
Pingvinstång Mint 27g Toms,"7,90 kr","0.027kg 292,59 kr/kg",377 kcal,1577 kJ,3.3 g,3.1 g,84 g,66 g,1.2 g,0.26 g,,,,,,,,,,,,,,,,,,,,,https://handlaprivatkund.ica.se/stores/1004181/products/pingvinst%C3%A5ng-mint-27g-toms/1128781
Chokladkaka Premium Filled french nougat 130g Marabou,"59,00 kr","0.13kg 453,85 kr/kg",508 kcal,2121 kJ,27 g,9.6 g,56 g,46 g,7.3 g,0.19 g,5.8 g,,,,,,,,,,,,,,,,,,,,https://handlaprivatkund.ica.se/stores/1004181/products/chokladkaka-premium-filled-french-nougat-130g-marabou/1413186
Halstabletter Original 25g Fisherman's Friend,"20,90 kr","0.025kg 836,00 kr/kg",383 kcal,1628 kJ,0.5 g,0.5 g,95 g,88 g,0.5 g,0.25 g,0.49 g,0.5 g,,,,,,,,,,,,,,,,,,,https://handlaprivatkund.ica.se/stores/1004181/products/halstabletter-original-25g-fisherman-s-friend/1001919
Popcorn Micropop Salt 3-p 240g OLW,"30,90 kr","0.24kg 128,75 kr/kg",450 kcal,1850 kJ,17 g,6.3 g,60 g,0.7 g,8.8 g,2.3 g,10 g,,,,,,,,,,,,,,,,,,,,https://handlaprivatkund.ica.se/stores/1004181/products/popcorn-micropop-salt-3-p-240g-olw/2043617
Bar Karamell Mandel & havssalt 40g BE-KIND,"26,90 kr","0.04kg 672,50 kr/kg",500 kcal,2093 kJ,39 g,7 g,39 g,13 g,14 g,0.78 g,18 g,,,,,,,,,,,,,,,,,,,,https://handlaprivatkund.ica.se/stores/1004181/products/bar-karamell-mandel-havssalt-40g-be-kind/2043628
Chokladask Finest selection Blå 250g Merci,"94,00 kr","0.25kg 376,00 kr/kg",579 kcal,2412 kJ,37.8 g,20.4 g,50.1 g,48.3 g,8.1 g,0.21 g,,,,,,,,,,,,,,,,,,,,,https://handlaprivatkund.ica.se/stores/1004181/products/chokladask-finest-selection-bl%C3%A5-250g-merci/1311691
Chokladkaka Salty toffee crunch 145g Fazer,"42,90 kr","0.145kg 295,86 kr/kg",514 kcal,2150 kJ,29 g,17 g,52 g,49 g,9.4 g,0.72 g,,,,,,,,,,,,,,,,,,,,,https://handlaprivatkund.ica.se/stores/1004181/products/chokladkaka-salty-toffee-crunch-145g-fazer/2033650
Godis Fruktilurer Frukt & Bär 80g Haribo,"13,90 kr","0.08kg 173,75 kr/kg",355 kcal,1510 kJ,0.5 g,0.1 g,87 g,56 g,0.5 g,0.02 g,,,,,,,,,,,,,,,,,,,,,https://handlaprivatkund.ica.se/stores/1004181/products/godis-fruktilurer-frukt-b%C3%A4r-80g-haribo/2100256
Choklad Polly Röd 200g Cloetta,"40,90 kr","0.2kg 204,50 kr/kg",467 kcal,1959 kJ,18 g,10 g,71 g,68 g,4.6 g,0.12 g,,,,,,,,,,,,,,,,,,,,,https://handlaprivatkund.ica.se/stores/1004181/products/choklad-polly-r%C3%B6d-200g-cloetta/1403798
Tuggummi Sockerfri White Peppermint 30.8g V6,"24,90 kr","0.0308kg 808,44 kr/kg",166 kcal,692 kJ,0.7 g,0.6 g,65 g,0.1 g,0.1 g,0.21 g,,65 g,,,,,,,,,,,,,,,,,,,https://handlaprivatkund.ica.se/stores/1004181/products/tuggummi-sockerfri-white-peppermint-30-8g-v6/2150709
Halstablett Blue Extra Strong 72g Vicks,"27,90 kr","0.072kg 387,50 kr/kg",388 kcal,1649 kJ,0 g,0 g,97 g,73 g,0 g,0 g,,,,,,,,,,,,,,,,,,,,,https://handlaprivatkund.ica.se/stores/1004181/products/halstablett-blue-extra-strong-72g-vicks/1528030
Tuggummi Vattenmelon 29g Extra,"22,90 kr","0.029kg 789,66 kr/kg",167 kcal,696 kJ,0 g,0 g,68 g,0 g,0 g,0 g,,68 g,,,,,,,,,,,,,,,,,,,https://handlaprivatkund.ica.se/stores/1004181/products/tuggummi-vattenmelon-29g-extra/2128788
Chokladkaka Smash 150g Olw,"39,90 kr","0.15kg 266,00 kr/kg",550 kcal,2310 kJ,34 g,19 g,52 g,45 g,7.8 g,0.56 g,,,,,,,,,,,,,,,,,,,,,https://handlaprivatkund.ica.se/stores/1004181/products/chokladkaka-smash-150g-olw/2127693
Gräddglass Pecannötkola 500ml SIA Glass,"24,90 kr","0.5L 49,80 kr/l",220 kcal,900 kJ,11 g,6.2 g,27 g,24 g,3.7 g,0.1 g,0.5 g,,,0 µg,0 µg,0 µg,0 µg,,,,,,,,,,,,,,https://handlaprivatkund.ica.se/stores/1004181/products/gr%C3%A4ddglass-pecann%C3%B6tkola-500ml-sia-glass/1424154
Maränger 120g ICA,"28,90 kr","0.12kg 240,83 kr/kg",,,,,,,,,,,,,,,,,,,,,,,,,,,,,https://handlaprivatkund.ica.se/stores/1004181/products/mar%C3%A4nger-120g-ica/1346026
LantChips Grill Räfflade 200g LantChips,"30,90 kr","0.2kg 154,50 kr/kg",486 kcal,2033 kJ,27 g,2.5 g,56.6 g,1.1 g,8.1 g,1.4 g,,,,,,,,,,,,,,,,,,,,,https://handlaprivatkund.ica.se/stores/1004181/products/lantchips-grill-r%C3%A4fflade-200g-lantchips/2138837
"Gräddglass Blåbär Laktosfri 0,5l Triumf Glass","24,90 kr","0.5L 49,80 kr/l",200 kcal,800 kJ,9.5 g,6.2 g,24 g,24 g,4 g,0.11 g,,,,,,,,,,,,,,,,,,,,,https://handlaprivatkund.ica.se/stores/1004181/products/gr%C3%A4ddglass-bl%C3%A5b%C3%A4r-laktosfri-0-5l-triumf-glass/1470285
Potatischips Lättsaltade 275g Estrella,"40,90 kr","0.275kg 148,73 kr/kg",513 kcal,2138 kJ,32 g,2.6 g,47 g,0.5 g,5.8 g,1.3 g,5.5 g,,,,,,,,,,,,,,,,,,,,https://handlaprivatkund.ica.se/stores/1004181/products/potatischips-l%C3%A4ttsaltade-275g-estrella/1512430
Choklad Co-Co Dubbel 60g Marabou,"17,90 kr","0.06kg 298,33 kr/kg",520 kcal,2160 kJ,30 g,23 g,53.5 g,48 g,5.8 g,0.15 g,5.2 g,,,,,,,,,,,,,,,,,,,,https://handlaprivatkund.ica.se/stores/1004181/products/choklad-co-co-dubbel-60g-marabou/1005080
"Chokladkaka Lakrits, Hallon & Caramel 160g Marabou","38,90 kr","0.16kg 243,13 kr/kg",523 kcal,2187 kJ,28 g,16 g,63 g,62 g,3.9 g,0.25 g,1.7 g,,,,,,,,,,,,,,,,,,,,https://handlaprivatkund.ica.se/stores/1004181/products/chokladkaka-lakrits-hallon-caramel-160g-marabou/2166162
Potatissnacks Rostade Creamy Garlic 75g OLW,"27,90 kr","0.075kg 372,00 kr/kg",440 kcal,1850 kJ,12 g,1 g,73 g,3.6 g,8.1 g,1.8 g,,,,,,,,,,,,,,,,,,,,,https://handlaprivatkund.ica.se/stores/1004181/products/potatissnacks-rostade-creamy-garlic-75g-olw/2104965
Chokladkaka Geisha 121g Fazer,"42,90 kr","0.121kg 354,55 kr/kg",550 kcal,2302 kJ,35 g,17 g,51 g,49 g,8 g,0.19 g,,,,,,,,,,,,,,,,,,,,,https://handlaprivatkund.ica.se/stores/1004181/products/chokladkaka-geisha-121g-fazer/2033649
Chokladkaka Schweizernöt 160g Marabou,"38,90 kr","0.16kg 243,13 kr/kg",564 kcal,2351 kJ,36 g,17 g,51 g,50 g,6 g,0.22 g,3 g,,,,,,,,,,,,,,,,,,,,https://handlaprivatkund.ica.se/stores/1004181/products/chokladkaka-schweizern%C3%B6t-160g-marabou/2166164
Nappar Cola 80g Haribo,"13,90 kr","0.08kg 173,75 kr/kg",343 kcal,1459 kJ,0.5 g,0.1 g,77 g,46 g,6.9 g,0.07 g,,,,,,,,,,,,,,,,,,,,,https://handlaprivatkund.ica.se/stores/1004181/products/nappar-cola-80g-haribo/1368321
Salta Pinnar Pretzels 250g ICA Basic,"19,90 kr","0.25kg 79,60 kr/kg",384 kcal,1628 kJ,3.6 g,0.5 g,75 g,1.8 g,12 g,3.6 g,,,,,,,,,,,,,,,,,,,,,https://handlaprivatkund.ica.se/stores/1004181/products/salta-pinnar-pretzels-250g-ica-basic/2145215
Kryptoniter Sur & salt 60g Konfekta,"13,90 kr","0.06kg 231,67 kr/kg",,,,,,,,,,,,,,,,,,,,,,,,,,,,,https://handlaprivatkund.ica.se/stores/1004181/products/kryptoniter-sur-salt-60g-konfekta/1354933
Halstabletter Citrus Sockerfri 25g Fisherman's Friend,"20,90 kr","0.025kg 836,00 kr/kg",251 kcal,1047 kJ,1.2 g,1.1 g,96 g,0.5 g,0.5 g,0.01 g,0.07 g,91 g,,,,,,,,,,,,,,,,,,,https://handlaprivatkund.ica.se/stores/1004181/products/halstabletter-citrus-sockerfri-25g-fisherman-s-friend/1294047
Salta pinnar 250g OLW,"31,90 kr","0.25kg 127,60 kr/kg",,,,,,,,,,,,,,,,,,,,,,,,,,,,,https://handlaprivatkund.ica.se/stores/1004181/products/salta-pinnar-250g-olw/1001390
Chokladkaka Schweizernöt 90g Marabou,"28,90 kr","0.09kg 321,11 kr/kg",568 kcal,2367 kJ,37 g,17 g,51 g,50 g,6.2 g,0.22 g,3.1 g,,,,,,,,,,,,,,,,,,,,https://handlaprivatkund.ica.se/stores/1004181/products/chokladkaka-schweizern%C3%B6t-90g-marabou/2166182
Godis Easter Drageé 180g Fazer,"36,90 kr","0.18kg 205,00 kr/kg",414 kcal,1732 kJ,5.2 g,3.2 g,88 g,83 g,2.1 g,0.08 g,,,,,,,,,,,,,,,,,,,,,https://handlaprivatkund.ica.se/stores/1004181/products/godis-easter-drage%C3%A9-180g-fazer/2075412
Pingvinstång Häxvrål 27g Pingvin,"7,90 kr","0.027kg 292,59 kr/kg",367 kcal,1533 kJ,4.2 g,4.1 g,79 g,60 g,1.5 g,0.34 g,,,,,,,,,,,,,,,,,,,,,https://handlaprivatkund.ica.se/stores/1004181/products/pingvinst%C3%A5ng-h%C3%A4xvr%C3%A5l-27g-pingvin/1128786
Choklad Karamell Ljus 180g Tony's Chocolonely,"67,00 kr","0.18kg 372,22 kr/kg",537 kcal,2247 kJ,32 g,19 g,54 g,51 g,6.9 g,0.69 g,,,,,,,,,,,,,,,,,,,,,https://handlaprivatkund.ica.se/stores/1004181/products/choklad-karamell-ljus-180g-tony-s-chocolonely/1520490
LantChips Lättsaltade 200g LantChips,"30,90 kr","0.2kg 154,50 kr/kg",500 kcal,2092 kJ,27 g,2.7 g,56 g,0.8 g,8.3 g,1.2 g,,,,,,,,,,,,,,,,,,,,,https://handlaprivatkund.ica.se/stores/1004181/products/lantchips-l%C3%A4ttsaltade-200g-lantchips/2138834
Bakdekor Hearts 40g Dr. Oetker,"20,90 kr","0.04kg 522,50 kr/kg",424 kcal,1795 kJ,5.3 g,3.2 g,93 g,86 g,0.6 g,0.01 g,,,,,,,,,,,,,,,,,,,,,https://handlaprivatkund.ica.se/stores/1004181/products/bakdekor-hearts-40g-dr-oetker/2014933
Chokladbar Kokos 57g Bounty,"15,90 kr","0.057kg 278,95 kr/kg",487 kcal,2036 kJ,26 g,21 g,59 g,48 g,3.8 g,0.28 g,,,,,,,,,,,,,,,,,,,,,https://handlaprivatkund.ica.se/stores/1004181/products/chokladbar-kokos-57g-bounty/2166621
Chokladkaka Creation Crème Brûlée Mjölkchoklad 150g Lindt,"67,00 kr","0.15kg 446,67 kr/kg",585 kcal,2486 kJ,39 g,24 g,52 g,50 g,5.6 g,0.25 g,,,,,,,,,,,,,,,,,,,,,https://handlaprivatkund.ica.se/stores/1004181/products/chokladkaka-creation-cr%C3%A8me-br%C3%BBl%C3%A9e-mj%C3%B6lkchoklad-150g-lindt/1391118
Tutti Frutti Passion 180g Fazer,"25,90 kr","0.18kg 143,89 kr/kg",358 kcal,1507 kJ,0.5 g,0 g,89 g,60 g,0.5 g,0.34 g,,,,,,,,,,,,,,,,,,,,,https://handlaprivatkund.ica.se/stores/1004181/products/tutti-frutti-passion-180g-fazer/1477745
Chokladkaka Hackad Hasselnöt 145g Fazer,"42,90 kr","0.145kg 295,86 kr/kg",555 kcal,2320 kJ,38 g,18 g,42 g,41 g,12 g,0.29 g,,,,,,,,,,,,,,,,,,,,,https://handlaprivatkund.ica.se/stores/1004181/products/chokladkaka-hackad-hasseln%C3%B6t-145g-fazer/2033698
Pingvinstång Salta Hallon 27g Pingvin,"7,90 kr","0.027kg 292,59 kr/kg",357 kcal,1493 kJ,2.3 g,2.1 g,81 g,61 g,1.6 g,1.9 g,,,,,,,,,,,,,,,,,,,,,https://handlaprivatkund.ica.se/stores/1004181/products/pingvinst%C3%A5ng-salta-hallon-27g-pingvin/1225028
Glass After Dinner 8-p Magnum,"54,00 kr","8 per frp 6,75 kr/st",287 kcal,1203 kJ,19 g,13 g,25 g,23 g,3.3 g,0.12 g,,,,,,,,,,,,,,,,,,,,,https://handlaprivatkund.ica.se/stores/1004181/products/glass-after-dinner-8-p-magnum/2144153
Sesamkaka Original 40g Risenta,"10,90 kr","0.04kg 272,50 kr/kg",522 kcal,2181 kJ,29 g,4.5 g,52 g,33 g,11 g,0.02 g,4.7 g,,,,,,,,,,,,,,,,,,,,https://handlaprivatkund.ica.se/stores/1004181/products/sesamkaka-original-40g-risenta/2099129
Choklad Tranbär 70% 100g ICA Selection,"33,90 kr","0.1kg 339,00 kr/kg",563 kcal,2339 kJ,40 g,25 g,38 g,32 g,8 g,0.01 g,,,,,,,,,,,,,,,,,,,,,https://handlaprivatkund.ica.se/stores/1004181/products/choklad-tranb%C3%A4r-70-100g-ica-selection/2077499
Chokladkaka EXCELLENCE Mild 70% Mörk Choklad 100g Lindt,"55,00 kr","0.1kg 550,00 kr/kg",610 kcal,2528 kJ,48 g,29 g,33 g,29 g,6.9 g,0.01 g,,,,,,,,,,,,,,,,,,,,,https://handlaprivatkund.ica.se/stores/1004181/products/chokladkaka-excellence-mild-70-m%C3%B6rk-choklad-100g-lindt/1409118
Chokladbar 51g Mars,"15,90 kr","0.051kg 311,76 kr/kg",443 kcal,1862 kJ,16 g,7.4 g,70 g,61 g,4.5 g,0.67 g,,,,,,,,,,,,,,,,,,,,,https://handlaprivatkund.ica.se/stores/1004181/products/chokladbar-51g-mars/2127915
Glasstrut Cornetto Classico 1-p Cornetto,"29,90 kr",,326 kcal,1366 kJ,20 g,14 g,34 g,23 g,3.7 g,0.27 g,1.4 g,,,,,,,,,,,,,,,,,,,,https://handlaprivatkund.ica.se/stores/1004181/products/glasstrut-cornetto-classico-1-p-cornetto/2154458
Godispåse PimPim Hallon 95g Malaco,"16,90 kr","0.095kg 177,89 kr/kg",348 kcal,1481 kJ,0.3 g,0.2 g,81 g,62 g,4.1 g,0.03 g,0.04 g,,,,,,,,,,,,,,,,,,,,https://handlaprivatkund.ica.se/stores/1004181/products/godisp%C3%A5se-pimpim-hallon-95g-malaco/2127771
Glasstrut Jordgubb 1-p Cornetto,"29,90 kr",,262 kcal,1096 kJ,11 g,8.2 g,39 g,29 g,2.1 g,0.23 g,,,,,,,,,,,,,,,,,,,,,https://handlaprivatkund.ica.se/stores/1004181/products/glasstrut-jordgubb-1-p-cornetto/2154457
Dadlar Fizzy Bottle 125g Dave & Jon's,"29,90 kr","0.125kg 239,20 kr/kg",320 kcal,1340 kJ,3 g,1.8 g,64.8 g,52.3 g,2.1 g,0 g,11.4 g,,,,,,,,,,,,,,,,,,,,https://handlaprivatkund.ica.se/stores/1004181/products/dadlar-fizzy-bottle-125g-dave-jon-s/2125903
Dadlar Taateli 200g Sevan,"17,90 kr","0.2kg 89,50 kr/kg",284 kcal,1204 kJ,0.5 g,0 g,65 g,59 g,2.3 g,0 g,8.5 g,,,,,,,,,,,,,,,,,,,,https://handlaprivatkund.ica.se/stores/1004181/products/dadlar-taateli-200g-sevan/1388503
Flower Zourr Haribo,"33,90 kr","0.25kg 135,60 kr/kg",373 kcal,1581 kJ,2.7 g,1.8 g,87 g,63 g,0.5 g,0.4 g,,,,,,,,,,,,,,,,,,,,,https://handlaprivatkund.ica.se/stores/1004181/products/flower-zourr-haribo/2097325
Ostsnacks cheez ballz chili cheez 200g Olw,"42,90 kr","0.2kg 214,50 kr/kg",520 kcal,2200 kJ,28 g,4.6 g,57 g,4.7 g,9.3 g,1.9 g,,,,,,,,,,,,,,,,,,,,,https://handlaprivatkund.ica.se/stores/1004181/products/ostsnacks-cheez-ballz-chili-cheez-200g-olw/2149394
Chokladpraliner LINDOR Mjölk 137g Lindt,"77,00 kr","0.137kg 562,04 kr/kg",623 kcal,2587 kJ,47 g,34 g,44 g,42 g,5 g,0.17 g,,,,,,,,,,,,,,,,,,,,,https://handlaprivatkund.ica.se/stores/1004181/products/chokladpraliner-lindor-mj%C3%B6lk-137g-lindt/1448889
Cheez Doodles Original 160g OLW,"35,90 kr","0.16kg 224,38 kr/kg",520 kcal,2200 kJ,30 g,14 g,53 g,2.5 g,10 g,2.1 g,,,,,,,,,,,,,,,,,,,,,https://handlaprivatkund.ica.se/stores/1004181/products/cheez-doodles-original-160g-olw/1485143
Chips Ugnsbakade Sourcream & Onion 125g Estrella,"31,90 kr","0.125kg 255,20 kr/kg",408 kcal,1719 kJ,9.3 g,1.3 g,73 g,7.5 g,6.2 g,1.9 g,4.3 g,,,,,,,,,,,,,,,,,,,,https://handlaprivatkund.ica.se/stores/1004181/products/chips-ugnsbakade-sourcream-onion-125g-estrella/2099135
Choklad Stycksak Daim Caramel Latte 56g Daim,"17,90 kr","0.056kg 319,64 kr/kg",543 kcal,2267 kJ,32 g,16 g,61 g,60 g,2.9 g,0.85 g,1.2 g,,,,,,,,,,,,,,,,,,,,https://handlaprivatkund.ica.se/stores/1004181/products/choklad-stycksak-daim-caramel-latte-56g-daim/2159032
Kinderägg Suprise 1-p 20g Ferrero,"17,90 kr","0.02kg 895,00 kr/kg",561 kcal,2338 kJ,34.9 g,22.9 g,52.6 g,52.3 g,8.4 g,0.323 g,,,,,,,,,,,,,,,,,,,,,https://handlaprivatkund.ica.se/stores/1004181/products/kinder%C3%A4gg-suprise-1-p-20g-ferrero/1001567
Kolasaltisar 170g Treatville,"26,90 kr","0.17kg 158,24 kr/kg",358 kcal,1517 kJ,0.1 g,0 g,87 g,77 g,0.2 g,0.04 g,,,,,,,,,,,,,,,,,,,,,https://handlaprivatkund.ica.se/stores/1004181/products/kolasaltisar-170g-treatville/2098032
Dippmix Vitlök 21g OLW,"13,90 kr","0.021kg 661,90 kr/kg",320 kcal,1350 kJ,2.9 g,1.4 g,66 g,27 g,5.6 g,16.3 g,,,,,,,,,,,,,,,,,,,,,https://handlaprivatkund.ica.se/stores/1004181/products/dippmix-vitl%C3%B6k-21g-olw/1519729
"Gräddglass Gammaldags vanilj Laktosfri 0,5l Triumf Glass","24,90 kr","0.5L 49,80 kr/l",200 kcal,850 kJ,11 g,7.1 g,23 g,22 g,2.9 g,0.18 g,,,,,,,,,,,,,,,,,,,,,https://handlaprivatkund.ica.se/stores/1004181/products/gr%C3%A4ddglass-gammaldags-vanilj-laktosfri-0-5l-triumf-glass/1520024
Glassbåt Hallon Vit choklad 6-p SIA GLASS,"59,00 kr","6 per frp 9,83 kr/st",280 kcal,1200 kJ,16 g,10 g,31 g,27 g,4.1 g,0.1 g,0 g,0 g,,0 µg,0 µg,0 µg,0 µg,,,,,,,,,,,,,,https://handlaprivatkund.ica.se/stores/1004181/products/glassb%C3%A5t-hallon-vit-choklad-6-p-sia-glass/2129997
Chips Corners Chili Cheese 160g Estrella,"35,90 kr","0.16kg 224,38 kr/kg",499 kcal,2089 kJ,24 g,1.7 g,62 g,3.9 g,6.4 g,1.4 g,5.4 g,,,,,,,,,,,,,,,,,,,,https://handlaprivatkund.ica.se/stores/1004181/products/chips-corners-chili-cheese-160g-estrella/2165272
Kina Röd Snacks 160g Fazer,"47,90 kr","0.16kg 299,38 kr/kg",535 kcal,2234 kJ,32 g,20 g,57 g,48 g,6.9 g,0.26 g,,,,,,,,,,,,,,,,,,,,,https://handlaprivatkund.ica.se/stores/1004181/products/kina-r%C3%B6d-snacks-160g-fazer/2117788
Godispåse Spaghetti Blue Raspberry 70g bebeto,"10,90 kr","0.07kg 155,71 kr/kg",380 kcal,1610 kJ,2.9 g,1.6 g,85.7 g,57 g,2.7 g,0 g,,,,,,,,,,,,,,,,,,,,,https://handlaprivatkund.ica.se/stores/1004181/products/godisp%C3%A5se-spaghetti-blue-raspberry-70g-bebeto/2134238
Tuggummi Hallon Granatäpple 29g Extra,"22,90 kr","0.029kg 789,66 kr/kg",164 kcal,684 kJ,0 g,0 g,67 g,0 g,0 g,0.08 g,,67 g,,,,,,,,,,,,,,,,,,,https://handlaprivatkund.ica.se/stores/1004181/products/tuggummi-hallon-granat%C3%A4pple-29g-extra/2128786
Popcorn Cheddar 80g Estrella,"17,90 kr","0.08kg 223,75 kr/kg",458 kcal,1916 kJ,21 g,2.8 g,51 g,2.4 g,11.3 g,2 g,12.1 g,,,,,,,,,,,,,,,,,,,,https://handlaprivatkund.ica.se/stores/1004181/products/popcorn-cheddar-80g-estrella/2116288
Chokladpraliner Paradis 500g Marabou,"182,00 kr","0.5kg 364,00 kr/kg",530 kcal,2215 kJ,31 g,17 g,58 g,55 g,3.8 g,0.27 g,2 g,,,,,,,,,,,,,,,,,,,,https://handlaprivatkund.ica.se/stores/1004181/products/chokladpraliner-paradis-500g-marabou/1003825
Chokladkaka Mjölkchoklad 90g Marabou,"28,90 kr","0.09kg 321,11 kr/kg",548 kcal,2288 kJ,32 g,19 g,59 g,58 g,4.6 g,0.26 g,2 g,,,,,,,,,,,,,,,,,,,,https://handlaprivatkund.ica.se/stores/1004181/products/chokladkaka-mj%C3%B6lkchoklad-90g-marabou/2166181
Choklad Bilar Polly 150g Cloetta,"40,90 kr","0.15kg 272,67 kr/kg",466 kcal,1957 kJ,18 g,10 g,71 g,68 g,4.6 g,0.12 g,,,,,,,,,,,,,,,,,,,,,https://handlaprivatkund.ica.se/stores/1004181/products/choklad-bilar-polly-150g-cloetta/1454448
Gräddglass Kola & Havssalt 500ml Sia Glass,"24,90 kr","0.5L 49,80 kr/l",220 kcal,950 kJ,9.5 g,6.2 g,30 g,27 g,3.8 g,0.3 g,0.5 g,,,0 µg,0 µg,0 µg,0 µg,,,,,,,,,,,,,,https://handlaprivatkund.ica.se/stores/1004181/products/gr%C3%A4ddglass-kola-havssalt-500ml-sia-glass/1530285
Chips Sourcream & Onion 275g OLW,"39,90 kr","0.275kg 145,09 kr/kg",520 kcal,2200 kJ,32 g,3.3 g,56 g,2.6 g,5.1 g,1.6 g,,,,,,,,,,,,,,,,,,,,,https://handlaprivatkund.ica.se/stores/1004181/products/chips-sourcream-onion-275g-olw/1490345
Twist 145g Marabou,"66,00 kr","0.145kg 455,17 kr/kg",469 kcal,1967 kJ,21 g,11 g,66 g,54 g,3.8 g,0.33 g,1.9 g,,,,,,,,,,,,,,,,,,,,https://handlaprivatkund.ica.se/stores/1004181/products/twist-145g-marabou/1377158
Godispåse Melonskivor 75g Fini,"14,90 kr","0.075kg 198,67 kr/kg",326 kcal,1387 kJ,0 g,0 g,79 g,58 g,4 g,0.1 g,,,,,,,,,,,,,,,,,,,,,https://handlaprivatkund.ica.se/stores/1004181/products/godisp%C3%A5se-melonskivor-75g-fini/2151281
Skumnappar Lakrits 120g Haribo,"24,90 kr","0.12kg 207,50 kr/kg",346 kcal,1468 kJ,0.5 g,0.1 g,81 g,55 g,4.5 g,0.03 g,,,,,,,,,,,,,,,,,,,,,https://handlaprivatkund.ica.se/stores/1004181/products/skumnappar-lakrits-120g-haribo/2091713
Snickers 72ml Triumf Glass,"31,90 kr",,338 kcal,1414 kJ,20 g,9.4 g,35 g,26 g,5.7 g,0.21 g,,,,,,,,,,,,,,,,,,,,,https://handlaprivatkund.ica.se/stores/1004181/products/snickers-72ml-triumf-glass/1443718
Torkad frukt Sweet & Sour Lemon Mango 100g Sunshine Delights,"37,90 kr","0.1kg 379,00 kr/kg",331 kcal,1390 kJ,0.3 g,0 g,78 g,70 g,1.7 g,0.23 g,4.8 g,,,,,,,,,,,,,,,,,,,,https://handlaprivatkund.ica.se/stores/1004181/products/torkad-frukt-sweet-sour-lemon-mango-100g-sunshine-delights/2165781
Godistabletter Mint 38g Mentos,"13,90 kr","0.038kg 365,79 kr/kg",390 kcal,1653 kJ,1.9 g,1.8 g,93 g,69 g,0 g,0.1 g,,,,,,,,,,,,,,,,,,,,,https://handlaprivatkund.ica.se/stores/1004181/products/godistabletter-mint-38g-mentos/1009184
Godispåse Nappar Sura 80g Haribo,"13,90 kr","0.08kg 173,75 kr/kg",345 kcal,1463 kJ,0 g,0 g,80 g,49 g,5 g,0.01 g,,,,,,,,,,,,,,,,,,,,,https://handlaprivatkund.ica.se/stores/1004181/products/godisp%C3%A5se-nappar-sura-80g-haribo/1368322
"Sorbet Mango & passion 0,5l Triumf Glass","24,90 kr","0.5L 49,80 kr/l",130 kcal,550 kJ,0.5 g,0.5 g,31 g,27 g,0.5 g,0.02 g,,,,,,,,,,,,,,,,,,,,,https://handlaprivatkund.ica.se/stores/1004181/products/sorbet-mango-passion-0-5l-triumf-glass/1443721
Tuggummi Bubblemint 21-p Extra,"22,90 kr","0.029kg 789,66 kr/kg",145 kcal,604 kJ,0 g,0 g,60 g,0 g,0 g,0.06 g,,60 g,,,,,,,,,,,,,,,,,,,https://handlaprivatkund.ica.se/stores/1004181/products/tuggummi-bubblemint-21-p-extra/2062629
Center 78g Cloetta,"22,90 kr","0.078kg 293,59 kr/kg",482 kcal,2022 kJ,23 g,14 g,63 g,48 g,4.1 g,0.43 g,,,,,,,,,,,,,,,,,,,,,https://handlaprivatkund.ica.se/stores/1004181/products/center-78g-cloetta/1002507
Kina Blå Salty Snacks 155g Fazer,"47,90 kr","0.155kg 309,03 kr/kg",532 kcal,2222 kJ,32 g,20 g,56 g,48 g,6.8 g,0.56 g,,,,,,,,,,,,,,,,,,,,,https://handlaprivatkund.ica.se/stores/1004181/products/kina-bl%C3%A5-salty-snacks-155g-fazer/2117790
Surskalle Gelatinfri 190g Fairtrade Bubs,"24,90 kr","0.19kg 131,05 kr/kg",345 kcal,1442 kJ,0 g,0 g,84 g,47 g,0 g,0 g,,,,,,,,,,,,,,,,,,,,,https://handlaprivatkund.ica.se/stores/1004181/products/surskalle-gelatinfri-190g-fairtrade-bubs/1499727
Chokladkaka Daim 90g Marabou,"28,90 kr","0.09kg 321,11 kr/kg",547 kcal,2283 kJ,32 g,18 g,60 g,59 g,4 g,0.49 g,1.7 g,,,,,,,,,,,,,,,,,,,,https://handlaprivatkund.ica.se/stores/1004181/products/chokladkaka-daim-90g-marabou/2166183
Chokladkaka Choco dark 50g Tony's Chocolonely,"16,90 kr","0.05kg 338,00 kr/kg",,,,,,,,,,,,,,,,,,,,,,,,,,,,,https://handlaprivatkund.ica.se/stores/1004181/products/chokladkaka-choco-dark-50g-tony-s-chocolonely/2062710
Chips Ranch 275g OLW,"39,90 kr","0.275kg 145,09 kr/kg",520 kcal,2150 kJ,32 g,15 g,50 g,4.7 g,5.4 g,1.5 g,,,,,,,,,,,,,,,,,,,,,https://handlaprivatkund.ica.se/stores/1004181/products/chips-ranch-275g-olw/1490384
Tablettask Emser 38g Fazer,"20,90 kr","0.038kg 550,00 kr/kg",381 kcal,1598 kJ,0.5 g,0 g,94 g,80 g,0 g,0.85 g,,,,,,,,,,,,,,,,,,,,,https://handlaprivatkund.ica.se/stores/1004181/products/tablettask-emser-38g-fazer/2117796
Chokladkaka Japp 160g Marabou,"38,90 kr","0.16kg 243,13 kr/kg",536 kcal,2242 kJ,30 g,18 g,61 g,58 g,4.5 g,0.27 g,2 g,,,,,,,,,,,,,,,,,,,,https://handlaprivatkund.ica.se/stores/1004181/products/chokladkaka-japp-160g-marabou/2166163
Tranbär Torkade 150g ICA Gott liv,"40,90 kr","0.15kg 272,67 kr/kg",,,,,,,,,,,,,,,,,,,,,,,,,,,,,https://handlaprivatkund.ica.se/stores/1004181/products/tranb%C3%A4r-torkade-150g-ica-gott-liv/2034862
Gräddglass Juni Laktosfri Glutenfri 6-p 780ml SIA Glass,"59,00 kr","6 per frp 9,83 kr/st",300 kcal,1250 kJ,14 g,10 g,39 g,24 g,3.6 g,0.1 g,0 g,0 g,,0 µg,0 µg,0 µg,0 µg,,,,,,,,,,,,,,https://handlaprivatkund.ica.se/stores/1004181/products/gr%C3%A4ddglass-juni-laktosfri-glutenfri-6-p-780ml-sia-glass/1509554
Popcorn Ekologiska 400g Kung markatta,"55,00 kr","0.4kg 137,50 kr/kg",340 kcal,1436 kJ,4 g,0.7 g,60 g,1.1 g,9.8 g,0.01 g,12 g,,,,,,,,,,,,,,,,,,,,https://handlaprivatkund.ica.se/stores/1004181/products/popcorn-ekologiska-400g-kung-markatta/2051362
Marianne 200g Fazer,"43,90 kr","0.2kg 219,50 kr/kg",444 kcal,1863 kJ,11 g,6.8 g,82 g,70 g,1.7 g,0.02 g,,,,,,,,,,,,,,,,,,,,,https://handlaprivatkund.ica.se/stores/1004181/products/marianne-200g-fazer/2117791
Godispåse Tutti Frutti Remix Salty 150g Fazer,"24,90 kr","0.15kg 166,00 kr/kg",354 kcal,1486 kJ,0.5 g,0 g,85 g,59 g,0.8 g,1.15 g,,,,,,,,,,,,,,,,,,,,,https://handlaprivatkund.ica.se/stores/1004181/products/godisp%C3%A5se-tutti-frutti-remix-salty-150g-fazer/2153852
Hasselnötskärnor 200g ICA,"44,90 kr","0.2kg 224,50 kr/kg",656 kcal,2708 kJ,61 g,4.5 g,7 g,4.3 g,15 g,0 g,9.7 g,,,,,,,,,,,,,,,,,,,,https://handlaprivatkund.ica.se/stores/1004181/products/hasseln%C3%B6tsk%C3%A4rnor-200g-ica/2002104
Valnötter naturella 250g Exotic Snacks,"72,00 kr","0.25kg 288,00 kr/kg",680 kcal,2845 kJ,65 g,5.7 g,5.8 g,2.5 g,16 g,0 g,9 g,,,,,,,2.5 mg,,,9.9 g,46 g,,0.38 mg,,,,,,,https://handlaprivatkund.ica.se/stores/1004181/products/valn%C3%B6tter-naturella-250g-exotic-snacks/2164032
Gammaldags gräddglass Äkta vanilj 1.75L Triumf Glass,"39,00 kr","1.75L 22,29 kr/l",180 kcal,800 kJ,9.8 g,6.5 g,22 g,22 g,3.1 g,0.19 g,,,,,,,,,,,,,,,,,,,,,https://handlaprivatkund.ica.se/stores/1004181/products/gammaldags-gr%C3%A4ddglass-%C3%A4kta-vanilj-1-75l-triumf-glass/2101620
Chokladkaka Vit & mjölkchoklad 131g Fazer,"42,90 kr","0.131kg 327,48 kr/kg",561 kcal,2347 kJ,35 g,21 g,54 g,52 g,7.5 g,0.25 g,,,,,,,,,,,,,,,,,,,,,https://handlaprivatkund.ica.se/stores/1004181/products/chokladkaka-vit-mj%C3%B6lkchoklad-131g-fazer/2118718
Godispåse Stjärn Mix sur 150g Haribo,"24,90 kr","0.15kg 166,00 kr/kg",350 kcal,1487 kJ,0.5 g,0.1 g,80 g,52 g,5.5 g,0.05 g,,,,,,,,,,,,,,,,,,,,,https://handlaprivatkund.ica.se/stores/1004181/products/godisp%C3%A5se-stj%C3%A4rn-mix-sur-150g-haribo/2128095
Winegums Cola & Orange 175g Treatville,"22,90 kr","0.175kg 130,86 kr/kg",334 kcal,1417 kJ,0.5 g,0.3 g,78 g,48 g,4.3 g,0.03 g,,,,,,,,,,,,,,,,,,,,,https://handlaprivatkund.ica.se/stores/1004181/products/winegums-cola-orange-175g-treatville/2077778
Glass Mini tip top 6-pack GB Glace,"61,00 kr","6 per frp 10,17 kr/st",381 kcal,1621 kJ,23 g,15 g,40 g,27 g,4 g,0.16 g,,,,,,,,,,,,,,,,,,,,,https://handlaprivatkund.ica.se/stores/1004181/products/glass-mini-tip-top-6-pack-gb-glace/1295908
Chokladkaka Premium 70% Cocoa Mint 100g Marabou,"51,00 kr","0.1kg 510,00 kr/kg",590 kcal,2455 kJ,45 g,27.5 g,34.5 g,30.5 g,6.6 g,0.13 g,9.9 g,,,,,,,,,,,,,,,,,,,,https://handlaprivatkund.ica.se/stores/1004181/products/chokladkaka-premium-70-cocoa-mint-100g-marabou/1368413
Jordnötter Osaltade 250g Estrella,"33,90 kr","0.25kg 135,60 kr/kg",623 kcal,2583 kJ,51 g,8.1 g,11 g,5.3 g,24.8 g,0 g,8.3 g,,395 mg,,,,,,,,,,,,,,,,,,https://handlaprivatkund.ica.se/stores/1004181/products/jordn%C3%B6tter-osaltade-250g-estrella/1506162
Godis Peaches Raspberry 80g Haribo,"11,90 kr","0.08kg 148,75 kr/kg",367 kcal,1558 kJ,0.5 g,0.1 g,86 g,68 g,4.4 g,0.01 g,,,,,,,,,,,,,,,,,,,,,https://handlaprivatkund.ica.se/stores/1004181/products/godis-peaches-raspberry-80g-haribo/2111838
Godispåse Sura Regnbågs-mattor 75g Fini,"14,90 kr","0.075kg 198,67 kr/kg",340 kcal,1445 kJ,1 g,0.6 g,81 g,54 g,1.8 g,0.5 g,,,,,,,,,,,,,,,,,,,,,https://handlaprivatkund.ica.se/stores/1004181/products/godisp%C3%A5se-sura-regnb%C3%A5gs-mattor-75g-fini/2151280
Godispåse Colanappar Sura Mini 70g Candypeople,"13,90 kr","0.07kg 198,57 kr/kg",343 kcal,1456 kJ,0.5 g,0.1 g,85 g,59 g,0.5 g,0.39 g,0.5 g,,,,,,,,,,,,,,,,,,,,https://handlaprivatkund.ica.se/stores/1004181/products/godisp%C3%A5se-colanappar-sura-mini-70g-candypeople/2150759
Chips Paprika 200g Pringles,"43,90 kr","0.2kg 219,50 kr/kg",518 kcal,2164 kJ,29 g,2.7 g,56 g,3.7 g,6.4 g,1.4 g,3.8 g,,,,,,,,,,,,,,,,,,,,https://handlaprivatkund.ica.se/stores/1004181/products/chips-paprika-200g-pringles/2097321
Västkustchips Ranch & Gräddfil 180g Estrella,"36,90 kr","0.18kg 205,00 kr/kg",475 kcal,1983 kJ,26 g,2.2 g,51 g,1.6 g,6.5 g,1.4 g,5.9 g,,,,,,,,,,,,,,,,,,,,https://handlaprivatkund.ica.se/stores/1004181/products/v%C3%A4stkustchips-ranch-gr%C3%A4ddfil-180g-estrella/2062222
Salta pinnar 250g ICA,"25,90 kr","0.25kg 103,60 kr/kg",391 kcal,1653 kJ,5.9 g,0.8 g,71 g,2.4 g,12 g,3.8 g,,,,,,,,,,,,,,,,,,,,,https://handlaprivatkund.ica.se/stores/1004181/products/salta-pinnar-250g-ica/1313041
Nötmix Honung Rosmarin 150g Exotic Snacks,"53,00 kr","0.15kg 353,33 kr/kg",562 kcal,2335 kJ,40 g,6 g,32 g,23 g,16 g,0.95 g,6.7 g,,,,,,,,,,,,,,,,,,,,https://handlaprivatkund.ica.se/stores/1004181/products/n%C3%B6tmix-honung-rosmarin-150g-exotic-snacks/2083598
Popcorn 500g ICA,"19,90 kr","0.5kg 39,80 kr/kg",337 kcal,1422 kJ,3.4 g,0.5 g,61 g,0.5 g,9.4 g,0.13 g,,,,,,,,,,,,,,,,,,,,,https://handlaprivatkund.ica.se/stores/1004181/products/popcorn-500g-ica/1026204
Chokladbar 50g Snickers,"15,90 kr","0.05kg 318,00 kr/kg",490 kcal,2051 kJ,23 g,7.6 g,60 g,51 g,8.7 g,0.52 g,,,,,,,,,,,,,,,,,,,,,https://handlaprivatkund.ica.se/stores/1004181/products/chokladbar-50g-snickers/2127917
Glass Snickers Creamy 1-p Mars,"31,90 kr",,349 kcal,1457 kJ,21 g,10 g,34 g,26 g,5.7 g,0.29 g,,,,,,,,,,,,,,,,,,,,,https://handlaprivatkund.ica.se/stores/1004181/products/glass-snickers-creamy-1-p-mars/2154464
Godis Juleskum 100g Cloetta,"20,90 kr","0.1kg 209,00 kr/kg",354 kcal,1500 kJ,0.4 g,0.4 g,83 g,66 g,4.2 g,0.04 g,,,,,,,,,,,,,,,,,,,,,https://handlaprivatkund.ica.se/stores/1004181/products/godis-juleskum-100g-cloetta/1499453
Nötmix Russin 200g OLW,"44,90 kr","0.2kg 224,50 kr/kg",608 kcal,2525 kJ,43 g,8 g,31 g,16 g,21 g,1 g,,,,,,,,,,,,,,,,,,,,,https://handlaprivatkund.ica.se/stores/1004181/products/n%C3%B6tmix-russin-200g-olw/2135440
Nötmix Honung & Salt 175g Estrella,"40,90 kr","0.175kg 233,71 kr/kg",530 kcal,2210 kJ,32 g,5.6 g,43 g,35 g,14.6 g,1.1 g,4 g,,,,,,,,,,,,,,,,,,,,https://handlaprivatkund.ica.se/stores/1004181/products/n%C3%B6tmix-honung-salt-175g-estrella/1526728
Chokladpåsar Dumle Winter Mix 180g Fazer,"43,90 kr","0.18kg 243,89 kr/kg",470 kcal,1969 kJ,21 g,17 g,67 g,53 g,2.7 g,0.27 g,,,,,,,,,,,,,,,,,,,,,https://handlaprivatkund.ica.se/stores/1004181/products/chokladp%C3%A5sar-dumle-winter-mix-180g-fazer/2166392
Dippmix Dill & gräslök 24g OLW,"13,90 kr","0.024kg 579,17 kr/kg",330 kcal,1400 kJ,0.6 g,0.1 g,76 g,21.5 g,3.1 g,11.4 g,,,,,,,,,,,,,,,,,,,,,https://handlaprivatkund.ica.se/stores/1004181/products/dippmix-dill-gr%C3%A4sl%C3%B6k-24g-olw/1519700
"Gräddglass Hasselnöt 0,5l Triumf Glass","24,90 kr","0.5L 49,80 kr/l",260 kcal,1100 kJ,16 g,6.6 g,27 g,25 g,2.8 g,0.2 g,,,,,,,,,,,,,,,,,,,,,https://handlaprivatkund.ica.se/stores/1004181/products/gr%C3%A4ddglass-hasseln%C3%B6t-0-5l-triumf-glass/1476328
Västkustchips Kantarell LTD 160g Estrella,"35,90 kr","0.16kg 224,38 kr/kg",475 kcal,1982 kJ,26 g,2.2 g,52 g,2.7 g,6.3 g,1.4 g,5.8 g,,,,,,,,,,,,,,,,,,,,https://handlaprivatkund.ica.se/stores/1004181/products/v%C3%A4stkustchips-kantarell-ltd-160g-estrella/2165274
Glass Favorites Texas Pecan 825ml GB Glace,"47,90 kr","0.825L 58,06 kr/l",216 kcal,905 kJ,8.8 g,6.2 g,31 g,25 g,2.6 g,0.12 g,0.5 g,,,,,,,,,,,,,,,,,,,,https://handlaprivatkund.ica.se/stores/1004181/products/glass-favorites-texas-pecan-825ml-gb-glace/2130395
Tablettask Salta Katten 38g Fazer,"11,90 kr","0.038kg 313,16 kr/kg",346 kcal,1461 kJ,0.5 g,0 g,85 g,42 g,0.5 g,0.56 g,,,,,,,,,,,,,,,,,,,,,https://handlaprivatkund.ica.se/stores/1004181/products/tablettask-salta-katten-38g-fazer/2166379
Mörk Choklad Vegan 70% 90g Green Star,"59,00 kr","0.09kg 655,56 kr/kg",572 kcal,2374 kJ,42 g,25 g,34 g,27 g,9.5 g,0.01 g,,,,,,,,,,,,,,,,,,,,,https://handlaprivatkund.ica.se/stores/1004181/products/m%C3%B6rk-choklad-vegan-70-90g-green-star/2150861
Nötmix Honung & Mild Chili 200g OLW,"44,90 kr","0.2kg 224,50 kr/kg",580 kcal,2428 kJ,44 g,7.7 g,22 g,11 g,23 g,1.2 g,,,,,,,,,,,,,,,,,,,,,https://handlaprivatkund.ica.se/stores/1004181/products/n%C3%B6tmix-honung-mild-chili-200g-olw/2051322
Müslibar BIG Peanut & chocolate 50g Corny,"14,90 kr","0.05kg 298,00 kr/kg",483 kcal,2019 kJ,23 g,9.4 g,55 g,31 g,10 g,0.44 g,4.8 g,,,,,,,,,,,,,,,,,,,,https://handlaprivatkund.ica.se/stores/1004181/products/m%C3%BCslibar-big-peanut-chocolate-50g-corny/1462988
Chips Salt & Vinegar 275g Estrella,"40,90 kr","0.275kg 148,73 kr/kg",505 kcal,2106 kJ,31 g,2.5 g,47 g,2 g,5.7 g,1.7 g,5.3 g,,,,,,,,,,,,,,,,,,,,https://handlaprivatkund.ica.se/stores/1004181/products/chips-salt-vinegar-275g-estrella/1512445
Knatter Skogsbär 80g Brynild,"19,90 kr","0.08kg 248,75 kr/kg",368 kcal,1564 kJ,0.1 g,0.1 g,88 g,66 g,2.9 g,0.35 g,,,,,,,,,,,,,,,,,,,,,https://handlaprivatkund.ica.se/stores/1004181/products/knatter-skogsb%C3%A4r-80g-brynild/2117339
Chips Smör & Havssalt 275g OLW,"39,90 kr","0.275kg 145,09 kr/kg",520 kcal,2200 kJ,32 g,3.7 g,55 g,3.1 g,5.1 g,1.6 g,,,,,,,,,,,,,,,,,,,,,https://handlaprivatkund.ica.se/stores/1004181/products/chips-sm%C3%B6r-havssalt-275g-olw/2083299
Tuggummi White Peppermint 29g Extra,"20,90 kr","0.029kg 720,69 kr/kg",,,,,,,,,,,,,,,,,,,,,,,,,,,,,https://handlaprivatkund.ica.se/stores/1004181/products/tuggummi-white-peppermint-29g-extra/2024112
Gräddglass Vanilj 900ml ICA,"46,90 kr","0.9L 52,11 kr/l",200 kcal,850 kJ,12 g,7.5 g,23 g,20 g,3 g,0.2 g,,,,,,,,,,,,,,,,,,,,,https://handlaprivatkund.ica.se/stores/1004181/products/gr%C3%A4ddglass-vanilj-900ml-ica/1318967
Dadlar Soft Ekologisk 200g ICA I love eco,"49,90 kr","0.2kg 249,50 kr/kg",250 kcal,1150 kJ,0.5 g,0.5 g,55 g,51 g,2.2 g,0 g,10 g,,,,,,,,,,,,,,,,,,,,https://handlaprivatkund.ica.se/stores/1004181/products/dadlar-soft-ekologisk-200g-ica-i-love-eco/1355353
Glass Vanilj & lakrits 900ml ICA,"46,90 kr","0.9L 52,11 kr/l",240 kcal,1000 kJ,13 g,6.6 g,30 g,27 g,2.4 g,0.3 g,,,,,,,,,,,,,,,,,,,,,https://handlaprivatkund.ica.se/stores/1004181/products/glass-vanilj-lakrits-900ml-ica/1427572
Chokladkaka Tuttifrutti 145g Fazer,"42,90 kr","0.145kg 295,86 kr/kg",511 kcal,2138 kJ,27 g,16 g,57 g,51 g,9.2 g,0.34 g,,,,,,,,,,,,,,,,,,,,,https://handlaprivatkund.ica.se/stores/1004181/products/chokladkaka-tuttifrutti-145g-fazer/2039380
Salty salute 80g Tweek,"39,90 kr","0.08kg 498,75 kr/kg",156 kcal,638 kJ,0 g,0 g,17 g,4.2 g,6.6 g,0.23 g,46 g,7.7 g,,,,,,,,,,,,,,,,,,,https://handlaprivatkund.ica.se/stores/1004181/products/salty-salute-80g-tweek/2096069
Chokladkaka Nougat Praline 100g Ritter sport,"35,90 kr","0.1kg 359,00 kr/kg",556 kcal,2319 kJ,34 g,14 g,54 g,51 g,7.3 g,0.12 g,,,,,,,,,,,,,,,,,,,,,https://handlaprivatkund.ica.se/stores/1004181/products/chokladkaka-nougat-praline-100g-ritter-sport/2084380
Dulce De-Lish 427ml Ben & Jerrys,"84,00 kr","0.427L 196,72 kr/l",263 kcal,1102 kJ,14 g,9.6 g,31 g,26 g,3.3 g,0.4 g,,,,,,,,,,,,,,,,,,,,,https://handlaprivatkund.ica.se/stores/1004181/products/dulce-de-lish-427ml-ben-jerrys/2109034
Halstablett Double Action Eucalyptus sockerfri 72g Vicks,"27,90 kr","0.072kg 387,50 kr/kg",236 kcal,985 kJ,0 g,0 g,99 g,0 g,0 g,0 g,,,,,,,,,,,,,,,,,,,,,https://handlaprivatkund.ica.se/stores/1004181/products/halstablett-double-action-eucalyptus-sockerfri-72g-vicks/1528039
Glass Sandwich 100ml GB Glace,"22,90 kr",,187 kcal,785 kJ,7.3 g,6.7 g,27 g,16 g,3.1 g,0.29 g,,,,,,,,,,,,,,,,,,,,,https://handlaprivatkund.ica.se/stores/1004181/products/glass-sandwich-100ml-gb-glace/1006545
Godis Maoam fruktkola 5-p Haribo,"16,90 kr","0.11kg 153,64 kr/kg",394 kcal,1666 kJ,6.4 g,3.2 g,84 g,60 g,1 g,0.02 g,,,,,,,,,,,,,,,,,,,,,https://handlaprivatkund.ica.se/stores/1004181/products/godis-maoam-fruktkola-5-p-haribo/1003218
Raspberry Licorice 1-p Kingis,"22,90 kr",,322 kcal,1345 kJ,21 g,12 g,31 g,29 g,2.2 g,0.17 g,,,,,,,,,,,,,,,,,,,,,https://handlaprivatkund.ica.se/stores/1004181/products/raspberry-licorice-1-p-kingis/2108942
Halstabletter Bon Bons 25g Läkerol,"19,90 kr","0.025kg 796,00 kr/kg",389 kcal,1652 kJ,0.1 g,0 g,97 g,84 g,0 g,0 g,,0 g,,,,,,,,,,,,,,,,,,,https://handlaprivatkund.ica.se/stores/1004181/products/halstabletter-bon-bons-25g-l%C3%A4kerol/1487437
Chokladkaka Premium 86% kakao Dark 100g Marabou,"51,00 kr","0.1kg 510,00 kr/kg",640 kcal,2655 kJ,56.5 g,35 g,18 g,13 g,8.5 g,0.03 g,13 g,,,,,,,,,,,,,,,,,,,,https://handlaprivatkund.ica.se/stores/1004181/products/chokladkaka-premium-86-kakao-dark-100g-marabou/1240804
Marianne Toffee 200g Fazer,"36,90 kr","0.2kg 184,50 kr/kg",405 kcal,1701 kJ,4.1 g,2.5 g,90 g,74 g,0.5 g,0.32 g,,,,,,,,,,,,,,,,,,,,,https://handlaprivatkund.ica.se/stores/1004181/products/marianne-toffee-200g-fazer/2117792
